2447 3651
681 182 825 279 ⁷344
1262 162 1279 267 f
1316 160 1613 274 Eprstold'
1840 162 1866 276 ’ῑ
1900 174 1907 181 “
2190 260 2209 271 ,

683 269 1111 347 Censor-tam
1134 271 1516 348 festinanter
1543 271 1738 348 verba
1781 291 1940 348 mea
1965 275 2195 359 vertitss

685 389 769 443 ut
798 394 1000 444 voces
1030 375 1158 465 ejus
1172 377 1422 468 pietatis
1446 421 1466 455 ,
1494 396 1497 401 ·
1526 369 1936 467 transtulerit
1958 370 2043 465 'qs
2065 376 2197 444 that

687 470 993 562 Rehgiom
1039 467 1227 563 quali
1266 470 1353 543 ad
1390 469 1814 564 Religionem
1843 468 2202 566 Judai'cam

684 563 1091 666 respexissem
1108 614 1126 645 ‚
1160 563 1318 638 etim
1330 563 1679 641 manifesto
1690 569 1937 665 loquar
1959 566 2043 639 de
2060 566 2209 664 pie-⁴

689 683 832 736 tate
862 660 1104 736 Christi
1134 686 1290 760 erga
1314 665 1596 737 Patrem.
1668 663 2029 738 Tum'hinc
2055 668 2201 737 col-

692 762 842 856 ligit
874 784 981 833 me
1005 759 1292 834 statuere
1321 759 1562 835 Christi
1589 756 1972 833 sacrificium
1994 758 2207 835 fuifl'e'

692 862 955 932 tantam
983 856 1375 930 sacrificium
1396 862 1846 954 metaphoricum
1861 864 1936 939 O*
1959 865 2209 954 impro-

680 964 887 1057 prium
905 1003 927 1037 ,
975 975 1053 1027 ut
1079 951 1336 1027 faveam
1364 957 1448 1028 iis
1478 955 1592 1051 qui
1622 951 2204 1049 rejiciuntsatisfa-

696 1054 988 1125 &ionem
1009 1046 1279 1125 Christi.
1353 1053 1483 1124 Sed
1517 1074 1667 1148 quae
1696 1054 1835 1126 haec
1863 1050 1954 1123 est
1970 1054 2202 1126 Diale-

696 1150 913 1222 ἃίεειὲ
962 1151 1078 1222 llla
1103 1151 1280 1222 afflo
1308 1149 1543 1222 Christi
1567 1199 1590 1231 ‚
1612 1146 1775 1247 'qua
1900 1149 2205 1225 tiffimt'im

694 1248 1011 1322 homines
1022 1247 1337 1331 redemit,
1363 1246 1612 1320 dicitur
1623 1246 1779 1320 sacri
1832 1248 2017 1337 cium
2039 1296 2063 1329 ‚
2107 1252 2210 1318 lo-

700 1345 1036 1443 quutione
1068 1341 1284 1440 petitz'i
1308 1367 1390 1417 ex
1425 1336 1916 1418 consuetudine}
1947 1343 2219 1442 Judaeo-

702 1465 897 1522 rum,
944 1441 1254 1534 quamvis
1295 1465 1412 1538 per
1451 1443 1681 1537 omnia
1702 1462 1847 1514 non
1877 1440 1962 1514 fit
1990 1442 2217 1515 similis

701 1536 1040 1615 sacrificio.
1100 1543 1281 1636 Ergo
1328 1562 1457 1611 nos
1505 1538 1810 1633 Christus
1854 1561 1999 1612 non
2030 1538 2205 1612 rede·

701 1639 850 1711 mit.
945 1632 1044 1707 Ex
1092 1659 1228 1732 qua
1275 1634 1677 1734 revelatione
1723 1635 1921 1709 novit
1953 1634 2167 1709 noster
2186 1684 2210 1719 ‚

702 1755 783 1811 ut
802 1756 931 1806 nos
950 1733 1250 1806 Christus
1264 1734 1646 1815 redimeret,
1671 1729 2046 1833 oportuisse
2058 1756 2214 1807 eum

704 1830 980 1907 maetari
1013 1832 1214 1930 plane
1235 1828 1432 1903 instat
1447 1831 1755 1914 vifflmae,
1790 1831 2050 1929 'absque
2079 1835 2215 1904 ullo

704 1928 1115 2004 discrimine?
1164 1927 1548 2020 Qomodo
1562 1929 1767 2022 nobis
1781 1930 1978 2004 etiam
1996 1928 2217 2002 osten-⁸

706 2027 825 2101 det
845 2077 868 2109 ,
914 2026 983 2096 in
1000 2025 1244 2101 Christi
1264 2044 1515 2110 morte,
1545 2023 2214 2123 omniafin‘fl'equaein

703 2121 1027 2199 sacrificio
1049 2147 1316 2214 cernere
1336 2142 1476 2198 erat
1507 2132 1533 2195 ?
1580 2122 1903 2198 Sacerdos
1923 2126 2105 2198 certe
2142 2131 2207 2195 δε

699 2222 981 2304 ’νίἂίωει
1009 2245 1153 2296 non
1179 2240 1323 2296 erat
1349 2221 1564 2304 idem,
1586 2220 1859 2295 viffima
1886 2221 2207 2295 mafitaba-

699 2337 823 2416 tur
853 2319 927 2414 in
951 2323 1109 2394 loco
1137 2313 1320 2393 sacro
1347 2369 1368 2402 ‚
1412 2316 1677 2415 sanguis
1719 2320 1866 2412 ejus
1911 2316 2218 2394 effunde-

705 2419 909 2493 batur
937 2418 1027 2491 ad
1050 2416 1231 2514 basin
1247 2417 1485 2489 ‘altaris
1509 2440 1529 2496 3
1581 2416 1908 2516 multique
1933 2416 2040 2489 alii
2054 2417 2221 2490 ritus

701 2510 1271 2593 ‘adhibebantur,⁷
1286 2513 1580 2610 quorum
1626 2513 1849 2585 nullus
1864 2509 1893 2593 ’·,’
1918 2533 1925 2542 “
1948 2513 1998 2585 fi
2050 2537 2220 2610 pro-

755 2612 850 2682 rie
874 2607 1261 2707 loquamur,
1292 2611 1364 2681 in
1379 2609 1817 2683 crucifixione
1831 2610 2079 2684 Christi
2099 2612 2219 2684 ob-

703 2634 997 2782 ¹s³ervatus
1021 2706 1144 2778 est:
1180 2713 1275 2784 At
1295 2705 1366 2778 id
1393 2707 1670 2779 minime
1693 2705 1918 2780 obstat
1941 2708 2218 2805 quomi-

696 2809 841 2881 ‘nus
865 2825 1049 2877 mors
1073 2801 1323 2879 Christ-i
1347 2804 1485 2876 vim
1507 2797 1803 2888 sacrificii
1820 2805 2217 2879 obtinuerit.

693 2905 873 2983 ‘Non
885 2901 976 2975 est
991 2904 1256 2987 inutile,
1305 2920 1385 2979 ut
1401 2903 1535 2974 hoc
1559 2897 2013 2988 'noritCensor
2023 2937 2053 2986 ,·
2095 2903 2220 2976 ob-

701 3000 947 3102 servare
965 3000 1036 3077 in
1060 3009 1277 3082 morte
1307 2997 1548 3080 Christi
1580 3009 1725 3075 non
1748 2997 1885 3078 'effe‘
1897 3005 1903 3014 ⁴
1919 3024 2217 3173 quaergn·

703 3117 720 3124 “’
861 3119 870 3126 ’
1374 3127 1383 3135 ’
1410 3129 1415 3132 “
1491 3113 1496 3122 ’
2146 3118 2219 3173 28
