2447 3651
528 181 907 256 CnxncAE
957 191 1080 257 ὅτε.
1106 186 1298 282 Epist.
1330 192 1414 259 V.
1603 213 1738 286 177

232 285 368 357 bus
391 278 618 379 postea
649 281 1051 376 deprehensa
1073 284 1407 356 dicuntur.
1504 287 1610 356 Ut
1639 288 1740 358 in·

231 379 401 477 figni
436 381 748 474 exemplo
788 402 925 450 tem
951 379 1268 453 illustrem
1314 431 1336 462 ,
1425 404 1571 452 non
1599 405 1739 455 am·

230 477 408 574 plius
432 471 766 548 muffi'tant
793 477 919 549 viri
944 477 1212 562 eruditi,
1229 478 1382 549 cum
1410 479 1480 548 in
1495 477 1739 575 Anglia

225 572 442 647 vestra
467 623 491 657 ,
548 592 695 644 tum
718 573 875 646 alibi
908 621 929 652 2
988 576 1304 648 Nicaenos
1330 575 1560 647 Patres
1591 599 1742 648 cre-

232 666 470 745 didisse
493 671 567 742 in
594 676 753 742 Deo
778 666 901 743 effe
933 688 1068 744 tres
1096 670 1415 745 Effentias
1446 691 1740 754 aeternas,

234 775 308 840 &
334 790 453 864 per
478 768 713 840 omnia
742 790 973 862 pareS,
1021 793 1161 841 non
1197 793 1413 842 unum
1447 792 1740 844 numero

236 864 493 938 Deum.
595 864 929 957 Constans
985 869 1185 939 etiam
1249 866 1426 940 fama
1472 867 1744 940 obtinet

236 965 495 1036 multos
524 962 806 1056 insignes
829 963 1007 1034 viros
1052 1011 1075 1046 ,
1166 963 1239 1034 in
1266 962 1410 1060 ipso
1448 964 1749 1049 Ecclefiae*

237 1061 620 1156 :Anglicanae
650 1058 851 1132 Clero
897 1108 922 1142 ‚
1015 1059 1110 1133 ita
1140 1057 1405 1141 sentire3
1452 1062 1643 1156 quod
1676 1069 1747 1135 δι’

234 1157 422 1230 libris
453 1155 670 1231 testati
692 1152 840 1228 sunt
866 1158 1172 1228 nonnulli
1219 1206 1243 1241 ,
1283 1168 1287 1174 ’
1339 1181 1463 1230 nec
1491 1160 1745 1253 nupera:

233 1257 430 1350 'Lege
448 1253 489 1328 ὃ,
513 1251 766 1343 summa
791 1252 1123 1327 Potestate
1141 1253 1539 1328 damnatum
1558 1253 1745 1340 esset,

233 1353 366 1443 nifi
415 1347 679 1441 *fuissent
738 1352 860 1445 qui
916 1351 1272 1424 defendere
1331 1350 1466 1424 auli
1517 1350 1742 1427 effent.

233 1449 431 1540 Quis
442 1460 680 1536 wem
716 1445 920 1520 nescit
947 1470 1089 1519 non
1116 1471 1323 1531 unam
1353 1448 1744 1530 Ecclesiam,

233 1573 325 1621 ex
357 1546 443 1618 ii's
488 1568 631 1642 quae
661 1543 702 1617 εἰ
733 1545 948 1618 Sacris
974 1547 1304 1619 Romanis
1329 1544 1744 1622 seceffionem

236 1641 542 1724 fecerunt
571 1692 595 1726 ,
638 1665 789 1738 quae
810 1663 1053 1714 omnes
1074 1641 1481 1739 profitentur
1501 1645 1563 1717 se
1593 1645 1746 1716 uni·
1866 1720 1867 1723 ,

238 1761 454 1816 tatem
486 1739 896 1812 numericam
922 1737 1226 1813 Effentiae
1254 1740 1491 1813 divinae
1517 1743 1746 1815 crede-

235 1864 316 1913 re
348 1891 370 1922 ,
439 1840 513 1912 in
550 1832 982 1912 Confeffione
1012 1836 1173 1910 fidei
1195 1837 1586 1935 Symbolum
1612 1843 1749 1911 Ni-·

237 1949 504 2011 'eaenum
528 1933 907 2008 admififfe?
950 1935 1023 2008 Si
1051 1958 1215 2032 ergo
1243 1935 1408 2009 stare
1427 1934 1632 2008 velint
1662 1959 1750 2009 eo

238 2035 457 2131 capite
486 2030 936 2106 Confeffionis
965 2030 1087 2105 suae
1112 2081 1135 2115 ‚
1195 2050 1473 2128 oportet
1505 2053 1582 2105 ut
1610 2052 1751 2107 tres

233 2134 539 2205 Naturas
585 2148 858 2202 aeternas
891 2137 959 2207 &
986 2153 1178 2226 Pares
1216 2128 1258 2202 a
1285 2127 1348 2201 se
1375 2129 1558 2203 credi
1583 2153 1754 2224 pto-

238 2230 565 2305 fiteantur
599 2277 623 2311 ,
693 2235 787 2298 -&
817 2228 1228 2311 numericam
1251 2226 1391 2299 Dei
1420 2228 1750 2301 unitatem

240 2327 606 2424 repudient
649 2350 671 2406 ;
769 2341 891 2396 aut
937 2324 985 2396 si
1026 2324 1268 2410 nolintv
1309 2326 1442 2397 hoc
1499 2325 1751 2422 dogma

241 2420 677 2499 Confeffione
702 2416 813 2493 sua
852 2422 1096 2514 ejicere
1118 2470 1139 2501 ,
1199 2420 1450 2494 necesse
1497 2423 1750 2496 habent

237 2523 310 2595 id
338 2522 561 2594 delere
587 2534 826 2587 caput.
842 2542 986 2593 ouo
1013 2518 1221 2592 fidem
1233 2522 1580 2593 Nicaenam
1596 2544 1754 2616 pto-

231 2620 391 2692 bari
434 2617 548 2690 fibi
894 2640 930 2688 r.
1027 2618 1217 2690 Nihil
1258 2618 1353 2690 est
1389 2617 1559 2689 inter
1613 2618 1754 2690 haec

237 2734 546 2789 'extrema
573 2749 874 2789 manum
912 2761 935 2796 ‚
996 2715 1116 2785 nifi
1142 2713 1565 2811 excogitetur
1589 2726 1754 2785 com-

246 2832 516 2883 mentum
538 2811 915 2907 quodpiam
940 2859 961 2890 ,
1008 2837 1123 2909 quo
1149 2809 1481 2911 affingatm
1511 2836 1756 2883 commo-

242 2910 367 2982 dus
378 2905 581 3001 senfies
620 2908 914 3005 Synodo
931 2909 1215 2979 Nicaenae
1263 2936 1284 2989 ;
1380 2908 1572 3004 quod
1599 2905 1757 2979 effer

242 3006 830 3081 ‘diffimulationem
846 3003 1124 3088 minime
1147 3002 1603 3087 excusandam,
1616 3026 1758 3077 ma-

343 3104 521 3177 Tom.
569 3104 692 3173 III.
780 3153 784 3156 -
1087 3113 1089 3116 ’
1122 3107 1220 3197 M
1266 3149 1271 3158 -
1695 3095 1759 3179 12
