2447 3651
698 234 825 305 168
1015 214 2037 305 .E1²“'1s‘1·01.1*:'¹‘⁸

692 326 929 398 eorum
962 324 1148 394 nullo
1201 321 1367 395 fuco
1394 372 1415 405 ,
1462 326 1644 394 nullo
1671 321 2057 418 prudente,
2113 332 2191 397 ut'

695 422 943 495 dicitur
966 469 988 502 ,
1034 419 1287 496 filentio
1315 439 1623 516 corrupta
1651 420 1942 490 narratio
1979 417 2190 490 osten-

698 519 804 596 dit
829 540 951 588 eos
977 540 1058 587 ex
1082 517 1237 588 Veri
1256 515 1496 588 fiducia
1527 519 1617 588 ita
1644 514 1980 608 scripfisse:
2033 516 2195 590 ficut

701 613 898 690 nimis
948 611 1414 707 circumspefita
1456 612 1744 684 Historia
1787 611 2014 708 prodit
2058 614 2197 686 ani-

703 733 895 783 mum
923 733 1065 781 non
1091 707 1241 781 satis
1264 712 1461 781 rebus
1485 707 1609 780 suis
1636 709 1973 795 fidentem.
1990 744 2011 791 1

802 807 1113 879 Secundo
1140 810 1295 877 loco
1311 856 1330 888 ,
1357 807 1476 902 qui
1507 807 1873 878 Veritatem
1898 804 2201 876 Historia:

710 905 842 975 fine
873 903 1374 975 diffimulatione
1406 905 1650 997 exponi
1682 925 1819 973 non
1852 899 2032 996 poss'e
2048 924 2211 972 cen-

710 1002 897 1087 sent3
978 1001 1066 1071 illi
1115 998 1343 1069 Deum
1403 1000 1760 1098 graviffime
1811 996 2208 1077 offendunt,

709 1095 1215 1191 Veritate'mque
1232 1093 1557 1169 infamant
1569 1145 1589 1177 ‚
1636 1094 1802 1167 dum
1817 1095 1994 1165 illam
2007 1093 2209 1189 aequi·

713 1213 951 1290 parant
978 1193 1332 1265 mendacio
1358 1220 1380 1275 3
1430 1191 1634 1287 quam
1655 1192 1738 1263 fic
1768 1210 2087 1272 tuentur,
2134 1197 2206 1261 tit

714 1290 1140 1362 mendacium
1182 1287 1342 1360 solet
1399 1286 1689 1362 defendi.
1802 1288 1982 1379 Qis
2026 1289 2206 1359 enim

711 1388 1010 1465 dubitet,
1060 1386 1227 1479 quin
1261 1390 1415 1457 Deo
1445 1387 1690 1481 ingrati
1720 1385 1875 1462 sint,
1923 1386 2049 1479 qui
2076 1389 2204 1456 Ve-

710 1484 978 1554 ritatem
1012 1479 1274 1574 profeffi
1298 1504 1567 1553 narrant
1597 1507 1737 1554 non
1770 1481 1937 1575 quid
1960 1478 2206 1576 sapien·

715 1580 952 1651 tiffima
974 1579 1118 1665 ejus
1142 1579 1564 1652 Providentia
1589 1577 1760 1675 paffa
1802 1579 1882 1649 fit
1929 1578 2076 1650 fieri
2094 1629 2115 1661 ‚
2144 1579 2204 1650 in

714 1676 916 1748 rebus
939 1677 1025 1746 ad
1048 1677 1468 1771 Religionem
1493 1676 2012 1772 pertinentibus,
2054 1699 2212 1771 qua-

712 1773 762 1849 fi
790 1769 1104 1847 nonsatis
1130 1773 1274 1861 ejus
1304 1774 1560 1847 veritati
1597 1796 1674 1847 ac
1701 1771 2029 1846 securitati
2055 1797 2215 1846 con-

711 1869 1023 1952 fiiluetit3
1088 1870 1195 1943 sed
1219 1895 1299 1943 ex
1336 1872 1418 1946 iis
1465 1896 1607 1966 quae
1648 1874 2079 1967 contigerunt
2101 1895 2213 1943 ex·-

714 1987 1000 2063 cetpunt
1024 1968 1096 2041 id
1126 1971 1313 2064 quod
1342 1967 1746 2040 narrandum
1792 1969 2083 2050 videtur,
2134 1986 2211 2040 ut

709 2064 948 2140 melitis
983 2064 1071 2137 de
1113 2088 1191 2138 ea
1234 2067 1548 2140 homines
1602 2064 1881 2135 sentiant
1916 2112 1934 2142 ,
2010 2064 2217 2160 quain

707 2161 1023 2235 videntur
1069 2159 1346 2242 sensuri,
1407 2163 1453 2232 fi
1496 2162 1720 2235 omnia
1754 2162 2210 2257 aperirentur?

708 2258 885 2352 Qis
919 2280 1061 2329 non
1091 2260 1275 2330 videt
1320 2261 1453 2332 hoc
1477 2256 1605 2331 effe
1629 2258 1860 2331 divinae
1884 2255 2210 2354 sapientia·

703 2354 1163 2451 prudentiam,
1212 2373 1333 2427 aut
1362 2354 1591 2449 potiiis
1620 2355 2050 2428 calliditatem
2087 2357 2213 2427 hu·

703 2471 976 2524 mariam
1005 2446 1355 2545 praeferre?
1399 2453 1769 2525 Veritatem
1814 2453 2019 2525 etiam
2048 2451 2216 2551 aegre

704 2545 1074 2639 distinguas
1103 2546 1144 2618 a
1167 2545 1564 2630 Mendacio',
1612 2573 1819 2645 quarn
1844 2548 2076 2623 videas
2101 2551 2211 2623 de-

699 2641 892 2722 fendi
914 2641 1141 2720 iisdem
1177 2644 1433 2716 artibus
1462 2692 1485 2726 ‚
1542 2665 1746 2742 atque
1781 2648 2019 2719 eodem
2051 2644 2216 2719 affe-

594 2744 603 2759 ‘
703 2743 861 2822 ἃιι,
922 2764 1065 2835 quo
1088 2740 1519 2814 Mendacium
1548 2740 1747 2824 solet3
1795 2765 1874 2816 ac
1899 2743 2052 2816 sane
2097 2744 2214 2840 qui

701 2836 1072 2916 Veritatem
1103 2837 1353 2911 callidis
1369 2839 1993 2914 distimulationibus
2021 2861 2215 2913 tuen-

703 2952 850 3018 tur,
899 2957 1048 3009 eam
1075 2934 1350 3007 minime
1368 2937 1632 3015 amant,
1681 2937 1787 3011 sed
1810 2939 2213 3013 :astantiam

690 3034 1014 3129 partesin
1047 3033 1300 3139 quihus
1334 3035 1479 3109 nati
1510 3033 1693 3120 sunt-3
1741 3036 1995 3135 quibus
2028 3034 2209 3148 haud

1492 3191 1499 3198 -
1988 3139 2215 3214 minas
