2447 3651
697 192 830 281 584
1114 184 1175 259 Ε
1220 206 1260 258 1>
1304 207 1332 257 1
1374 207 1418 260 s
1456 208 1504 258 ‘r
1548 212 1599 263 o
1644 193 1687 264 ι’
1725 214 1790 266 a
1900 202 1915 213 ““

686 270 954 356 Ordini.
1046 280 1153 355 Εὸ
1194 283 1472 358 tandem
1497 284 1860 367 deveniunt
1905 294 2207 374 distimu-

688 383 939 454 latores
963 426 987 461 ,
1034 398 1109 451 ut
1124 386 1191 453 ἃ
1208 381 1514 456 homines
1529 391 1597 456 δι
1615 388 1950 465 Ordinem
1974 395 2202 492 ipsum

688 472 1023 549 infament
1047 526 1071 558 ‚
1129 476 1300 551 dum
1338 502 1461 555 eos
1513 479 1873 561 defendere
1934 517 2205 570 conan-

693 589 820 646 tur.
1121 590 1127 597 ’

785 665 1039 742 Verum
1065 666 1330 764 spretis,
1376 672 1744 768 inquiunt,
1786 684 2084 781 antiquis
2125 689 2213 760 il-

689 767 776 840 lis
817 772 1170 840 Sacrorum
1225 769 1657 847 Antistitibus
1695 825 1719 857 ‚
1795 775 2206 874 spernuntur

694 871 763 934 &
809 861 1119 934 hodierni
1159 889 1180 945 3
1288 862 1496 961 iisque
1560 878 1926 950 contemtis
1958 927 1981 962 ‚
2060 879 2206 978 ipsa

696 960 1154 1033 contemnitur
1183 963 1466 1059 Religio.
1521 971 1616 1040 At
1643 965 1852 1065 sperni
1880 998 2024 1046 non
2047 976 2207 1073 pof-

691 1058 875 1136 sunt,
920 1057 1041 1151 qui
1061 1079 1240 1130 nunc
1266 1055 1412 1131 sunt
1436 1062 1665 1138 reveri
1694 1069 1894 1141 laude
1917 1079 1988 1143 &
2017 1097 2205 1147 reve-

688 1155 913 1235 rentii
939 1156 1163 1252 digni,
1207 1155 1259 1226 fi
1286 1159 1548 1232 Veritas
1579 1161 1667 1235 de
1696 1168 2058 1242 Veteribus
2086 1195 2202 1243 ex-

686 1270 1011 1348 ponatur3
1061 1251 1103 1323 εἰ
1135 1273 1273 1346 qua
1305 1254 1466 1328 nihil
1498 1255 1627 1331 fixit
1661 1283 1986 1356 umquam
2035 1269 2201 1342 Vir-

687 1349 823 1427 tuti
852 1395 874 1430 ‚
921 1347 1083 1419 nihil
1134 1370 1456 1445 umquam
1507 1355 1898 1434 Eruditioni
1939 1363 2200 1439 timen-

691 1444 880 1523 dum.
975 1442 1195 1537 Qod
1235 1445 1284 1536 fi
1315 1444 1492 1523 forte
1516 1451 1934 1553 effentdigni
1983 1512 2008 1545 ,
2068 1465 2196 1558 qui

687 1538 1154 1636 spernerentur
1177 1590 1200 1624 ,
1244 1565 1334 1616 an
1360 1550 1604 1621 vellent
1626 1575 1750 1625 eos
1773 1562 2007 1654 magni
2029 1559 2196 1640 fieri,

691 1647 761 1708 &
790 1638 1168 1713 conculcari
1192 1663 1549 1740 propterea
1578 1651 1947 1726 Veritatem
1983 1665 2013 1728 ἓ
2058 1661 2197 1731 Fal-

690 1731 838 1806 sum
882 1755 1194 1832 praeterea
1230 1738 1324 1812 est
1366 1763 1788 1819 contemtum
1819 1757 2199 1828 nonnullo-

688 1857 842 1908 rum
866 1834 954 1906 ad
996 1856 1239 1914 omnes
1275 1841 1564 1917 omnino
1601 1847 1948 1940 pertinere,
2047 1857 2198 1926 1221..

686 1928 837 2022 sum
860 1929 952 2003 est
980 1954 1260 2028 quoque
1280 1932 1461 2032 sequi
1486 1948 2053 2022 contemnendam
2067 1943 2196 2024 effe

687 2027 1114 2125 Religionem
1144 2078 1167 2111 ,
1225 2051 1312 2104 eo
1337 2033 1530 2127 quod
1559 2044 1864 2115 nonnussi
1886 2046 2196 2138 Praefides

688 2129 1043 2197 Sacrorum
1064 2128 1216 2220 ejus
1236 2126 1388 2204 satis
1406 2135 1605 2227 periti
1618 2185 1637 2215 ,
1667 2157 1782 2210 aut
1796 2137 1954 2215 {itis
1974 2144 2191 2218 obstr-

687 2239 922 2292 vantes
947 2218 1131 2296 fuiffe
1163 2247 1543 2322 negantum
1588 2258 2002 2334 quamquam
2047 2264 2192 2314 non

687 2316 992 2390 diffiteor
1018 2321 1235 2398 malos
1256 2347 1488 2400 mones
1507 2338 1579 2403 δε
1613 2343 1865 2408 errores
1899 2344 2194 2413 nonnul-

684 2415 913 2484 lorum
947 2416 1546 2497 Ecclefiasticotum
1576 2428 1929 2505 hominum
1956 2484 1981 2515 ,
2040 2460 2192 2511 ma·-

684 2509 770 2582 lis
799 2511 1223 2586 occasionem
1236 2519 1522 2610 praebere
1534 2524 1789 2600 deReli
1835 2532 1998 2606 ione
2014 2537 2191 2619 male

680 2603 1023 2679 sentiendi.
1116 2616 1213 2682 At
1243 2612 1403 2688 huic
1424 2618 1726 2696 incomm
1913 2628 2195 2707 obviam

685 2702 983 2782 eundum
1017 2704 1111 2778 est
1136 2755 1158 2788 ‚
1220 2731 1363 2782 non
1386 2717 1718 2810 pudendis
1745 2746 1824 2796 ac
1849 2728 2196 2821 periculo-

679 2797 768 2870 fis
792 2799 1424 2884 diffimulationibus
1444 2863 1463 2892 ‚
1515 2818 1766 2912 quibus
1792 2824 1995 2898 etiam
2029 2852 2190 2900 mo-

682 2892 941 2970 desta&
956 2900 1116 2972 Veri
1136 2909 1432 2982 amantia
1454 2913 1720 3006 ingenia
1742 2920 1950 3014 quam
1980 2928 2190 3000 maxi·

678 2992 789 3070 me
809 2992 1281 3087 offenduntun
1330 3002 1439 3081 sed
1468 3009 1890 3093 ostendendo
1914 3041 1999 3097 ut
2028 3023 2192 3098 vitia

2079 3143 2187 3195 cx·
