2447 3651
717 259 844 311 122
1133 243 1810 313 E'P‘isrozffi

691 328 866 418 sent,
911 347 1201 432 quorum
1244 337 1549 435 cognitio
1599 337 1860 410 nonnifi
1890 339 1982 410 ab
2011 338 2216 438 inge-²

688 430 811 503 nio
849 453 1055 507 acuto
1088 483 1112 517 ‚
1166 454 1289 507 aut
1331 442 1539 533 longo
1572 437 1804 509 labore
1829 441 2206 532 comparari
2238 465 2243 471 ·

691 525 902 622 poffet
951 555 971 611 ς
1069 553 1155 605 an
1204 531 1443 606 scirent
1486 532 1870 607 eruditione
1905 532 2018 607 sua
2058 537 2224 618 ntis

690 627 829 696 hoc
854 626 981 707 est,
1025 629 1199 702 τεᾶὲ
1226 629 1614 704 ratiocinari
1646 654 1728 702 ex
1757 632 1844 704 iis
1868 655 2011 727 quae
2041 656 2207 707 vera

691 718 821 795 effe
845 746 1314 821 compererant
1336 777 1359 811 ,
1409 726 1625 824 eaque
1648 748 1965 801 accurato
2000 731 2224 802 ordi-·

691 841 780 891 ne
814 819 1207 919 disponere3
1257 847 1347 897 an
1367 849 1514 920 quae
1539 845 1785 898 norant
1816 822 2072 922 pofl‘ent
2105 829 2206 904 ita

689 921 1052 1012 exprimere
1077 969 1098 1000 ‚
1163 941 1241 994 ut
1267 926 1580 996 Leaores
1611 924 1906 997 doceant
1936 973 1955 1003 ,
2012 925 2214 997 dele-

692 1017 909 1103 ἃεητ,
955 1043 1034 1093 ac
1061 1019 1332 1093 fleetant
1374 1068 1397 1102 ,
1493 1039 1615 1094 aut
1642 1021 1820 1093 certe
1853 1019 2220 1118 perspicua?

693 1145 779 1195 eo
875 1117 1088 1190 itione
1112 1140 1331 1189 rerum
1363 1166 1388 1199 ‚
1430 1135 1604 1212 quas
1638 1117 2020 1193 describunt
2045 1168 2068 1200 ‚
2119 1121 2208 1191 il-

691 1222 761 1291 lu
820 1232 987 1289 rent.
1068 1214 1337 1309 Alioqui
1358 1215 1404 1285 fi
1423 1237 1547 1287 noc
1576 1238 1681 1289 res
1711 1213 1855 1312 ipsae
1881 1238 2205 1314 magnam

692 1312 1143 1389 eruditionem
1174 1314 1516 1386 redoleant
1557 1362 1581 1396 ,
1677 1332 1803 1386 nec
1845 1314 2219 1388 ratiocina-

692 1413 916 1484 tiones
938 1407 1141 1486 firmae
1163 1407 1289 1480 fint
1321 1458 1342 1491 ,
1388 1432 1513 1484 nec
1541 1408 1720 1482 ordo
1746 1430 1974 1483 earum
2000 1434 2216 1485 com-

696 1507 981 1588 modus,
1028 1529 1153 1578 nec
1176 1503 1383 1578 diffio
1413 1502 1742 1602 perspicua
1771 1525 1887 1579 aut
1915 1511 2209 1605 elegans,

696 1602 841 1679 non
882 1602 1086 1676 video
1116 1603 1289 1698 quid
1313 1604 1535 1677 mirari
1563 1606 1633 1675 in
1659 1605 2017 1678 Veteribus
2042 1605 2205 1704 pos-

693 1703 932 1785 fimus,
978 1710 1045 1775 &
1075 1704 1281 1774 tantis
1310 1701 1617 1775 laudibus
1645 1706 1981 1776 extollere.
2021 1754 2040 1765 f

714 1851 729 1857 -
789 1798 1021 1874 Hodie
1071 1800 1376 1872 eruditus
1425 1822 1635 1874 nemo
1700 1800 1928 1874 haberi
1981 1820 2203 1898 queat

693 1899 814 1996 qui
853 1900 1145 1995 vulgaria
1188 1899 1451 1970 tantum
1478 1895 1772 1994 proferat
1798 1948 1817 1980 ,
1878 1901 1996 1994 qui
2025 1901 2204 1975 τεᾶὲ

691 1996 1145 2073 ratiocinandi
1193 1999 1454 2093 regulas
1512 1997 1736 2091 paffim
1796 1997 2214 2095 perfringat‚·

693 2094 817 2191 qui
845 2096 1029 2166 nullo
1054 2093 1296 2165 ordine
1326 2110 1586 2170 utatur.
1631 2093 1751 2189 qui
1782 2098 2028 2166 nullam
2064 2095 2210 2193 sty-·

692 2193 739 2262 li
766 2241 789 2275 ,
848 2209 965 2265 aut
997 2189 1179 2264 certe
1198 2188 1677 2287 perspicuitatis
1709 2192 2041 2263 'rationem
2073 2193 2202 2265 ha-

691 2287 890 2370 beat3
941 2311 1064 2359 nec
1090 2287 1395 2384 intelligo
1419 2311 1542 2359 cur
1562 2290 1842 2361 velimus
1868 2289 2214 2362 eruditio-‘

692 2385 802 2457 nis
824 2386 1090 2458 laudem
1113 2385 1477 2457 Veteribus
1497 2387 1726 2459 multis
1751 2387 2081 2469 tribuere,
2127 2386 2200 2459 in

694 2506 986 2577 quorum
1023 2482 1301 2576 Scriptis
1338 2480 1476 2553 haec
1512 2484 1741 2556 omnia
1782 2484 2200 2557 animadver-

693 2597 834 2650 tere
854 2580 1033 2651 licet.
1126 2576 1486 2651 Miserrima
1522 2578 1826 2673 profefio
1841 2579 1945 2652 est
1984 2582 2196 2653 hodie

692 2671 832 2750 sors
857 2676 1083 2748 nostra
1110 2703 1153 2758 ,¹
1193 2675 1446 2772 quibus
1472 2678 1607 2762 fine
1635 2697 1898 2775 'magno
1922 2679 2194 2761 labore,

577 2801 599 2812 ··
689 2772 826 2854 fine
849 2773 1155 2872 fingulari
1183 2797 1406 2846 rerum
1444 2774 1748 2853 delenita,
1814 2776 1947 2847 fine
1989 2777 2198 2849 ratio-

690 2872 1145 2948 cinationibus
1184 2873 1256 2943 in
1313 2872 1572 2966 quibus
1607 2873 1801 2946 nihil-
1840 2873 2204 2947 acutifl'imi·

690 2970 1044 3044 Dialeffici
1066 2968 1312 3041 metito
1352 2987 1617 3065 carpere
1650 2972 1896 3066 poffint
1919 3021 1964 3053 Δ,
2061 2970 2195 3041 fine

693 3086 1004 3145 accurato
1047 3069 1285 3144 ordine
1347 3118 1372 3151 ‚
1481 3065 1794 3168 styloque
1823 3066 2202 3142 ‘minimum

717 3214 735 3244 ι
760 3191 774 3232 3
816 3215 883 3236 πυ
2046 3189 2202 3265 perf
