2447 3651
438 225 838 297 Ciuncae
866 225 1011 295 '‘&o
1060 220 1403 321 EpfiJw
1585 209 1719 320 ‘1'51

210 317 575 398 infimiora
615 320 772 394 sunt
794 320 1182 419 Theologiae
1209 319 1593 395 Christiana:
1610 322 1733 420 pe·

198 420 359 495 ritis
387 445 410 502 3
456 418 663 530 quam
704 437 785 492 ut
820 436 979 494 cum
1011 419 1231 492 nostra
1253 438 1441 495 aetate
1467 442 1547 495 ea
1572 442 1735 492 con·
1808 466 1813 474 -

207 514 372 588 ferri
413 534 780 614 patiantur.
812 544 815 547 “
875 519 1026 589 Nec
1064 517 1328 591 Veteris
1366 540 1495 592 nec
1538 514 1731 592 Novi
1845 516 1849 521 ⁴

211 612 620 687 Testamenti
656 613 916 689 divinas
964 613 1258 690 Tabulas
1283 664 1308 698 ‚
1333 612 1738 690 ‘accuratius

214 711 666 807 interpretari,
714 709 892 808 lapsu
921 713 1247 808 temporis
1262 759 1286 795 ‚
1332 711 1735 796 didicerant,

214 831 345 880 nec
382 811 545 882 ullas
586 810 747 884 alias
784 807 1165 906 disciplinas
1203 807 1600 912 diligentius
1624 832 1740 883 ex-

212 908 590 979 coluerant.
684 902 839 978 Imo
890 907 961 978 in
1033 929 1289 978 meram
1358 906 1737 982 barbariem

208 1003 560 1100 paullatim
601 1001 845 1100 delapfi
882 1053 906 1087 ,
972 1004 1392 1077 mirabantur
1426 1007 1735 1117 priorum

212 1118 492 1174 aetatum
505 1101 874 1198 Scriptores
885 1124 1066 1198 quos
1087 1123 1232 1173 non
1246 1100 1734 1199 intelligebant3

210 1220 343 1270 nec
368 1197 654 1293 proinde
694 1217 814 1270 aut
836 1222 1076 1272 eorum
1098 1216 1315 1272 errata
1337 1199 1733 1281 emendare,

213 1311 344 1368 aut
385 1295 537 1367 vere
570 1294 766 1373 dietis
803 1295 1179 1395 quidquam
1215 1297 1464 1395 addere
1486 1315 1737 1405 potue-

213 1408 412 1464 runt.
1701 1426 1708 1429 *

315 1493 412 1561 At
434 1489 712 1564 tandem
725 1539 745 1572 ‚
787 1487 1121 1588 superiore
1158 1488 1512 1589 praeser'tim
1540 1489 1736 1568 saecu-

213 1588 286 1661 lo
301 1635 325 1671 ,
381 1592 449 1659 &
477 1587 616 1663 hoc
642 1587 903 1668 nostro,
937 1588 1092 1660 cum
1119 1585 1469 1687 disciplinae
1493 1616 1736 1666 omnes

217 1690 287 1757 &
310 1707 457 1780 quae
482 1686 820 1782 pertinent
841 1686 930 1760 ad
942 1686 1415 1784 Antiquitatis‚
1440 1688 1735 1788 Lingua·-

213 1783 501 1880 rumque
540 1783 1045 1858 demortuarum
1085 1784 1586 1882 intelligentiam
1602 1835 1625 1868 ‚
1663 1792 1734 1860 δε

217 1903 369 1976 quae
391 1904 615 1954 rerum
641 1879 921 1980 ipsarum
939 1882 1407 1980 cognitionem
1430 1883 1735 1967 tradunt,

212 1984 287 2049 &
332 2002 480 2075 quae
525 1980 699 2061 veri,
746 1979 816 2050 in
851 1983 1093 2076 quavis
1119 1997 1297 2063 arte,
1343 1979 1736 2055 inveniendi

211 2097 297 2149 ac
320 2076 708 2173 exponendi
748 2076 1080 2151 rationem
1103 2076 1397 2159 docent,
1423 2076 1533 2148 aad
1560 2079 1736 2150 mul-

214 2169 295 2245 to
320 2173 650 2267 majorem
668 2170 1155 2271 perfefflonem
1178 2173 1485 2247 addue'fiae
1500 2170 1733 2258 effent3

220 2269 672 2367 antiquiffima
696 2270 802 2344 illa
811 2270 1186 2368 Religionis
1211 2270 1533 2345 divinitus
1554 2294 1737 2346 reve-

217 2371 365 2442 latae
391 2386 839 2444 monumenta
860 2366 1083 2441 multo
1114 2366 1359 2468 melius
1379 2367 1692 2468 explicari
1704 2420 1730 2455 ,

220 2467 651 2563 certioraque
689 2490 773 2539 ex
818 2466 902 2540 iis
947 2462 1350 2542 conseaaria
1375 2465 1571 2548 duci,
1618 2488 1738 2540 ca-

217 2564 506 2662 pitaque
563 2565 793 2638 omnia
833 2564 1252 2664 Theologica
1291 2563 1528 2638 reffius
1564 2565 1738 2640 tradi

219 2678 616 2758 coeperunt,
660 2658 867 2759 quam
886 2685 1209 2758 umquam
1234 2681 1431 2738 antea
1450 2662 1537 2736 ab
1558 2667 1741 2759 Apo-

223 2757 559 2833 stolorum
620 2775 809 2837 aetate
865 2756 1120 2837 faetum
1172 2755 1409 2856 fuerat.
1520 2759 1740 2859 Qod

225 2855 450 2930 multo
493 2856 698 2930 citius
727 2853 1111 2955 contigisset
1131 2906 1154 2941 ,
1203 2857 1254 2929 fi
1279 2856 1576 2956 Majores
1606 2879 1746 2929 no·-

218 2950 623 3052 stri-judicio
646 2952 764 3027 suo
795 2950 1166 3031 maluissent
1196 2953 1294 3025 uti
1310 3002 1333 3037 ,
1357 2953 1565 3051 quam
1588 2953 1747 3045 alie-

220 3073 378 3142 n03
442 3073 666 3153 neque
704 3051 889 3132 enim
936 3050 1209 3148 ingenia
1253 3047 1530 3130 defuiffe
1563 3068 1743 3224 pato

940 3154 1002 3226 K
1044 3174 1094 3254 4
1516 3171 1611 3250 po
1636 3228 1646 3231 -
1670 3170 1748 3248 ⁶³:
