2447 3651
472 221 1045 297 cunctare.
1094 222 1286 320 Epg‘ll.
1305 231 1386 299 V.
1572 230 1717 319 183‘

215 318 623 403 Christi'anae,
654 314 1327 417 quam'conculcant3
1378 310 1708 417 suspican-

214 435 323 488 tur
343 440 486 489 non
507 416 764 490 causam
781 420 889 515 agi
904 418 1153 490 Christi
1168 467 1189 500 ,
1226 416 1334 492 sed
1356 419 1703 500 vitiorum,

215 536 345 586 nec
389 511 633 610 semper
669 513 1007 587 falluntur.
1340 576 1345 579 ,
1552 601 1556 605 ⁴

309 612 405 683 At
426 611 592 683 hisce
620 612 960 705 objiciunt
982 613 1320 705 nonnulli,
1349 610 1704 709 aperui-inii

205 713 278 776 &
309 707 518 804 rigida
541 707 935 805 profeffione
964 712 1155 790 Veri,
1182 711 1469 782 ludibrio
1492 733 1704 807 expo-

209 803 280 874 ni
319 805 594 878 Sacrum
625 806 954 894 Ordinem
984 857 1006 888 ,
1066 808 1211 896 ejus
1235 808 1699 881 auetoritatem

208 900 486 987 collabi,
531 903 1105 999 reverentiamque
1144 905 1542 976 eissdebiram
1575 929 1699 977 ex·-

200 993 458 1094 stingui.
551 996 807 1073 Verum
844 1001 1042 1072 rideri
1082 1024 1223 1072 non
1257 1001 1471 1096 potest
1495 1002 1697 1074 Ordo

202 1095 924 1192 reverendus‚propter
944 1097 1107 1170 vitia
1132 1115 1256 1170 aut
1272 1097 1502 1170 defleta
1527 1121 1696 1170 non-

203 1193 586 1272 nullorum‘;
647 1195 858 1291 magis
899 1193 1107 1291 quzim
1161 1195 1342 1290 regia
1367 1195 1697 1290 dignitas,

202 1288 365 1381 quia
406 1288 609 1361 libere
651 1310 968 1364 notantur
1008 1291 1170 1364 vitia
1208 1299 1275 1367 8<
1340 1315 1507 1383 ¹rava
1533 1287 1700 1364 faci-

196 1405 366 1458 nora
390 1383 759 1481 priscorum
798 1391 1082 1484 Regum.
1192 1389 1279 1460 Di
1339 1389 1695 1486 inguendae

192 1476 340 1552 sunt
365 1484 733 1566 aussmritas
774 1491 838 1555 &
868 1485 1162 1579 dignitas
1191 1486 1526 1559 reverendi
1553 1487 1694 1568 Or?

192 1577 396 1659 dinis,
414 1581 983 1675 quaeintemeratae
995 1579 1247 1677 semper
1264 1580 1392 1655 effe
1412 1583 1693 1665 debent,

192 1676 792 1774 quaecumque'fint
822 1677 1228 1774 singulorum
1263 1697 1536 1775 peccata
1570 1699 1692 1752 aur

191 1768 740 1850 hallucinationes
750 1799 771 1856 3
807 1773 894 1847 ab
915 1773 1434 1857 existimatione,
1482 1773 1692 1849 famal-

190 1891 318 1964 que
346 1870 855 1968 uniuscujusque
883 1921 905 1955 ,
966 1896 1115 1968 quae
1144 1873 1337 1944 bonae
1373 1871 1498 1945 effe
1546 1895 1686 1943 non

186 1966 485 2061 possunt,
535 1968 661 2041 nisi
683 1970 1065 2050 bonorum,
1114 1977 1187 2040 δι’
1226 1969 1690 2053 eruditorum,

183 2066 355 2159 apud
365 2068 667 2163 populos
677 2066 800 2161 qui
815 2063 1028 2136 sciunt
1040 2066 1209 2161 quid
1231 2067 1444 2139 virtus
1455 2114 1475 2147 ,
1491 2063 1687 2161 quid-

184 2183 256 2233 ve
289 2163 598 2237 eruditio
626 2164 723 2235 fir.
822 2167 929 2233 Ut
965 2159 1128 2234 vero
1166 2164 1360 2258 quod
1394 2164 1480 2235 de
1510 2186 1687 2232 non-

184 2260 370 2332 nullis
398 2256 635 2335 minus
657 2260 863 2332 bonis
877 2259 1124 2332 dicitur
1141 2260 1536 2361 dignitatem
1555 2261 1686 2331 Or·
1748 2346 1754 2351 ⁸

187 2354 353 2430 dinis
389 2380 544 2430 non
584 2357 831 2430 minuit
868 2385 885 2429 ε
961 2356 1074 2430 fic‘
1097 2380 1220 2430 nec
1283 2355 1684 2439 reverentia,

185 2476 322 2545 quae
366 2451 629 2531 Ordini
655 2456 977 2538 debetur,
1021 2457 1243 2527 velum
1269 2451 1391 2525 ess'e
1425 2453 1681 2552 potest,

182 2573 317 2645 quo
352 2551 771 2648 singulorum
813 2570 1091 2645 peccata
1113 2570 1444 2648 tegantur.
1492 2550 1686 2624 Alio-

184 2649 296 2740 qui
322 2671 427 2722 res
455 2649 764 2720 omnium
804 2647 1187 2722 sanffiffima
1212 2648 1521 2744 fiparium
1570 2649 1686 2721 ha-

186 2741 449 2822 beretur
475 2794 497 2825 ,
560 2770 705 2840 quo
749 2746 1059 2818 homines
1096 2746 1256 2818 teeti
1293 2747 1433 2838 jura
1455 2746 1682 2818 divina
1719 2767 1726 2774 ·

180 2859 375 2936 atque
399 2842 705 2916 humana
730 2843 1008 2938 impune
1027 2840 1681 2938 violarepotuifl‘enn

182 2939 365 3031 quod
391 2939 669 3013 demum
703 2938 856 3012 effet
884 2937 1082 3036 longe
1107 2939 1684 3012 contumeliofiffi-

184 3057 366 3114 mum
391 3059 539 3115 non
565 3038 700 3128 jam
725 3035 1152 3118 hominibus,
1197 3032 1311 3112 sed'
1331 3037 1450 3138 ipfi
1477 3041 1684 3208 §ago

207 3185 220 3194 .
816 3138 890 3210 M
933 3158 982 3236 4
1626 3156 1682 3206 [ο
