2447 3651
472 247 868 321 Carnem
903 254 1027 321 &c.
1072 250 1261 344 Epist.
1284 232 1402 323 IV.
1597 274 1732 342 ¹¹9

213 346 512 443 taeumque
535 347 922 418 laudaturus
948 369 1088 417 non
1120 345 1430 426 fuissem,
1490 371 1730 442 quam-

215 466 424 538 quam
465 443 782 513 veriffima
849 441 1212 516 docentem
1239 493 1257 522 ,
1334 442 1451 513 nifi
1504 452 1728 518 Patres

214 538 587 634 aspernatus
613 537 782 610 effer
880 541 1097 651 Qod
1125 565 1256 636 ego
1285 563 1577 635 pernego
1603 543 1727 611 mi-

217 637 291 706 hi
317 636 658 708 confilium
682 622 906 719 fuisse,
953 638 1072 733 qui
1096 637 1266 733 quid
1309 635 1469 709 effer
1491 661 1719 709 vetum

217 734 568 807 dumtaxat
577 733 886 842 ’quaesivh
913 758 1038 809 nec.
1065 741 1285 808 Patres
1307 733 1587 830 proinde
1602 754 1722 807 aut

211 829 397 925 supra
424 829 663 902 merita
685 830 1107 914 laudandOS,
1155 857 1280 903 nec
1306 828 1475 903 infra
1501 831 1713 903 hono-

215 949 393 1009 rem,
417 928 536 1023 qui
559 928 656 1000 eis
684 925 1003 1010 debetur,
1025 930 1375 1001 habendos
1398 953 1734 1061 umquam

214 1023 457 1097 censui.

314 1122 563 1194 Verum
579 1140 657 1193 ut
673 1121 862 1214 quod
890 1119 1095 1194 sentio
1120 1122 1368 1221 aperire
1381 1122 1719 1216 incipiam,

218 1237 375 1291 ante
404 1220 633 1291 omnia
680 1219 1140 1328 distinguenda
1164 1219 1307 1301 est,
1352 1219 1466 1291 ubi
1511 1223 1721 1290 sermo

221 1306 315 1388 e‘st
346 1316 433 1387 de
470 1315 962 1411 Scriptoribus,
1008 1317 1371 1389 reverentia
1399 1340 1546 1412 quae
1592 1316 1725 1386 hoe

222 1413 515 1483 minibus
538 1414 854 1495 debetur,
905 1415 990 1486 ab
1029 1438 1105 1487 ea
1135 1411 1266 1510 quii
1295 1437 1529 1486 eorum
1563 1413 1729 1484 Scri-

220 1531 336 1607 pta
380 1507 850 1621 prosequimur.
942 1509 1219 1583 Possunt
1266 1513 1445 1583 enim
1506 1511 1726 1582 homi-

221 1631 342 1680 nes
367 1607 487 1703 ipfi
510 1609 641 1681 coli
664 1616 732 1679 &
768 1609 998 1703 magni
1032 1608 1211 1687 fieri,
1271 1607 1530 1705 Scripta
1579 1632 1728 1679 non

224 1705 422 1786 item,
475 1713 540 1776 &
567 1705 713 1777 vice
741 1705 946 1778 versa.

311 1803 472 1875 Tria
502 1822 731 1875 autem
754 1801 903 1874 sunt
939 1799 1343 1901 potiffimum
1370 1828 1517 1897 quae
1544 1827 1729 1875 reve-

226 1901 505 1974 rentiam
533 1900 981 2009 scriptoribus
1014 1904 1372 1973 conciliant
1392 1949 1415 1981 ,
1466 1923 1725 1979 mores,

222 1999 553 2078 eruditio,
604 2006 669 2069 &
713 1997 1068 2094 dignitates
1093 1995 1200 2070 seu
1234 2003 1523 2069 munera.
1620 2000 1728 2067 Ut

220 2094 411 2185 ὐςέρον
442 2122 725 2189 ωπρον
766 2095 1126 2190 incipiam,
1184 2095 1551 2192 dignitates
1591 2098 1730 2165 Ec-

221 2191 629 2274 clesiasticae‚
690 2192 942 2286 quibus
971 2193 1240 2289 plurimi
1273 2215 1500 2263 eorum
1530 2241 1551 2273 ‚
1612 2190 1728 2285 qui

225 2291 455 2362 Patres
476 2307 828 2370 vocantur,
845 2290 1064 2363 ornati
1083 2287 1302 2371 fuere,
1316 2288 1465 2385 post
1487 2312 1728 2363 eorum

224 2384 359 2458 fata
388 2386 553 2457 nibil
598 2388 695 2459 eis
734 2387 1109 2462 reverentiae
1138 2410 1408 2468 creare,
1466 2387 1730 2461 seorsim

221 2482 515 2579 speffltae
536 2532 556 2564 ‚
613 2481 939 2594 poffunt·
919 2535 939 2566 ,
1022 2486 1183 2583 quia
1232 2485 1591 2584 dignitates
1648 2485 1733 2557 co

221 2580 489 2653 tanturn
523 2582 592 2653 in
624 2582 788 2655 vivis
813 2587 1161 2668 coluntur,
1211 2601 1288 2654 ut
1322 2581 1529 2654 ordo
1511 2609 1576 2655 m
1608 2581 1736 2655 So-

222 2680 461 2751 cietate
497 2678 933 2754 Ecclefiastica
972 2680 1322 2752 divinitus
1335 2679 1742 2756 constitutus

220 2774 671 2850 sacrosanaus
719 2779 1096 2860 habeatur,
1156 2780 1225 2850 in
1264 2778 1476 2851 totius
1515 2779 1744 2852 Socie-

223 2877 384 2947 tatis
417 2874 811 2957 utilitatem3
861 2889 1052 2972 qux,
1100 2875 1234 2946 fine
1262 2876 1543 2956 ordine,
1596 2893 1738 2946 non

222 2975 442 3069 magis
468 2970 634 3044 stare
672 2974 922 3069 potest,
971 2996 1175 3068 quarn
1200 2971 1477 3045 societas
1492 2972 1743 3042 Civilis.

222 3071 496 3143 Verum
533 3072 759 3145 honor
782 3087 1238 3142 mortuorum
1233 3085 1324 3143 ιιι
1312 3068 1424 3143 hil
1470 3063 1751 3164 &mplius

386 3199 425 3210 ,,
995 3173 1060 3240 H
1104 3195 1153 3266 4
1669 3166 1755 3239 ad
