2447 3651
676 228 791 303 13·
1018 224 1778 296 .·ΕΡιετο-ῐ,·)ε·

678 333 796 401 tha
833 325 1077 418 Origeni
1122 319 1333 392 libros
1369 319 1457 394 de
1491 321 1814 418 Principiis
1844 316 2207 408 abjudica-

685 423 778 500 rit
814 450 835 493 ε
893 420 983 493 fic
1020 441 1146 491 nec
1193 417 1511 530 Clementis
1532 414 2013 517 Hypotyposes
2038 415 2204 490 ide&

683 515 1422 698 cozuqzaggezlsuggxf.
1453 614 1526 686 in
1566 610 1908 688 Convivio
1932 659 1955 693 ‚
2012 610 2213 709 fingit

688 714 1006 790 homines
1038 735 1298 809 prunos
1333 708 1526 786 fuisse
1552 710 1916 805 οἱνῆυογόνες
1946 717 2013 782 &
2051 709 2214 807 qui-

691 813 856 888 dem
892 811 1199 905 duplices
1232 857 1254 890 ,
1311 832 1470 883 cum
1508 809 1798 907 geminis
1840 806 2216 904 capitibus,

743 928 992 982 uatuot
1015 907 1333 980 manibus
1355 914 1422 978 δι
1454 905 1741 1005 pedibus
1767 914 1893 979 &c.
1947 972 1960 980 ,
1989 905 2219 978 Dein-

750 1030 789 1080 e
816 1029 938 1079 eos
962 1001 1148 1077 fuiffe
1171 1004 1244 1076 in
1278 1005 1447 1079 duas
1475 1022 1700 1100 partes
1719 998 1994 1082 divisos,
2042 1009 2113 1074 δι
2140 1001 2218 1073 in

691 1102 876 1177 duos
913 1102 1234 1177 homines
1265 1100 1753 1175 -distinetorum
1808 1098 2082 1172 sexuum
2117 1096 2222 1173 se-

690 1200 809 1292 jun
819 1201 991 1274 6:08.
1059 1204 1166 1274 Ut
1192 1223 1279 1272 ex
1306 1201 1557 1272 Platone
1590 1198 1887 1273 Rabbini
1914 1199 2222 1271 nonnul-

695 1299 748 1372 li
773 1298 915 1372 haec
952 1294 1443 1381 desumet-unt,
1491 1313 1700 1393 prout
1727 1293 1770 1371 a
1798 1294 1958 1369 viris
1987 1293 2220 1368 erudi-

697 1395 795 1469 tis
831 1391 1263 1468 observatum
1301 1395 1389 1469 ad
1429 1396 1608 1466 Gen.
1648 1400 1716 1466 Π
1738 1442 1762 1477 ,
1811 1420 1891 1468 21
1931 1419 1962 1487 ²,
2015 1392 2111 1465 ita
2148 1399 2220 1464 &

699 1494 974 1566 Clemens
997 1514 1081 1565 ex
1107 1491 1355 1565 eodem
1379 1486 1792 1588 Philosopho
1822 1487 2080 1569 hausta,
2104 1487 2226 1562 de-

698 1583 892 1663 torta
948 1587 1242 1664 suniliter
1298 1612 1424 1686 pro
1471 1611 1665 1663 more
1693 1587 1811 1662 suo
1841 1583 2183 1684 Scripturii
2201 1634 2229 1672 ‚

698 1685 1107 1763 confirmare
1236 1688 1392 1761 tuit.

725 1878 727 1881 Α
797 1783 938 1861 IV.
997 1784 1065 1859 si
1166 1781 1541 1860 amnandus
1578 1781 1672 1858 est
1718 1785 1993 1856 Clemens
2017 1833 2041 1868 ,
2097 1799 2226 1858 aut

701 1879 1190 1982 Hypotyposes
1218 1881 1364 1972 ejus
1386 1900 1717 1979 corruptae
1739 1878 1927 1955 fuiffe
1958 1878 2229 1953 censen-

697 1978 840 2063 dae,
875 1978 1068 2079 qubd
1092 1981 1164 2052 in
1196 2003 1283 2052 eo
1305 1981 1539 2077 Opere
1567 1980 1945 2054 dicerentur
1978 1977 2227 2076 Angeli

699 2099 935 2152 amore
970 2078 1322 2152 mulierum
1343 2077 1530 2174 capti
1555 2074 1743 2152 fuiffe
1771 2085 1839 2152 &
1863 2075 2113 2149 liberos
2137 2098 2223 2148 ex

697 2174 788 2250 iis
807 2172 1135 2273 suscepiffe
1176 2201 1204 2258 ,-
1299 2174 1484 2248 idem
1507 2170 1863 2249 ferendum
1886 2174 2014 2248 erit
2033 2173 2229 2267 J'udi-

704 2273 891 2349 cium
926 2294 1073 2344 non
1105 2271 1193 2347 de
1217 2273 1671 2347 stromatibus
1697 2271 1919 2347 mod&
1940 2321 1971 2357 ,»
2008 2269 2118 2345 sed
2150 2277 2222 2343 δε

680 2371 794 2445 ,de
837 2372 1210 2445 multorum
1251 2370 1547 2445 aliorum
1567 2377 1895 2446 Veterum
1925 2369 2223 2467 Scriptis.

704 2467 1057 2562 Qoniam
1086 2491 1190 2541 res
1215 2466 1310 2541 est
1333 2467 1536 2567 vulg&
1570 2490 1735 2546 nota
1778 2519 1802 2554 ,
1893 2472 2052 2542 loca*
2078 2469 2223 2539 Cle-

701 2573 919 2640 mentis
978 2564 1330 2640 dumtaxat
1376 2567 1714 2641 indicabo.
1820 2565 2227 2641 consulatur

705 2669 872 2762 efrgo
911 2660 1268 2762 Paedagogi
1305 2665 1453 2737 Lib.
1499 2673 1623 2739 III.
1663 2666 1935 2763 Cap.*2.
1982 2660 2107 2735 sub
2131 2660 2223 2733 fi-

702 2779 866 2836 nem
914 2808 935 2841 ,
1032 2767 1101 2833 &
1139 2769 1451 2835 Stromat.
1497 2763 1640 2837 Lib.
1672 2771 1795 2837 111.
1831 2786 1899 2858 p.
1925 2782 2088 2857 450.
2137 2781 2219 2833 ac

700 2861 848 2934 Lib.
885 2864 979 2933 V.
1012 2882 1078 2954 p.
1113 2884 1274 2951 550.
1371 2859 1618 2933 Similia
1660 2858 1990 2933 senserunt
2016 2856 2226 2948 Justi-

694 2986 812 3031 nm
837 3008 857 3038 ,
906 2956 1330 3051 Athenagoras
1355 3006 1378 3040 ,
1426 2954 1722 3049 Eusebius
1747 3003 1769 3041 ,
1814 2957 2178 3030 Methodim
2196 3001 2224 3036 ‚

659 3135 665 3142 ,
697 3057 1142 3139 ‘Tertudicmus³
1191 3058 1560 3153 Cyprianus,
1609 3054 2026 3136 Laslantius.
2053 3054 2224 3248 Igm-

1665 3203 1668 3206 ’
1972 3153 2075 3227 bro
2118 3173 2189 3223 us
2199 3193 2230 3234 ῃ
