2447 3651
519 194 855 267 Cabanniis
899 187 1343 290 Theologeirwn.
1573 224 1660 295 39
1676 228 1704 279 1

204 290 316 369 sed
346 289 517 387 quid
544 292 767 373 dicas3
815 292 1009 388 quod
1035 294 1083 365 fi
1121 295 1199 366 fit
1233 296 1392 366 utile
1408 340 1428 374 ‚
1468 306 1718 392 gratias

210 389 339 463 tibi
365 385 637 462 habebo
666 395 733 461 δι
767 410 964 485 agam
989 439 1011 472 ‚
1057 409 1264 485 prout
1284 388 1345 462 se
1370 390 1559 463 dabit
1592 419 1717 467 oc·-

206 486 428 568 cafio,'
451 482 780 581 quidquid
802 487 1014 559 invidi
1049 487 1136 560 de
1159 507 1229 560 te
1264 488 1515 561 dicant.
1565 490 1720 563 Imo

207 579 372 657 vero
417 581 467 654 fi
509 583 674 677 quid
724 582 1093 678 praestiteris
1140 582 1334 681 quod
1377 583 1457 656 fit
1498 609 1719 681 operae

201 679 492 776 pretium
535 702 616 752 ex
655 701 741 750 eo
773 679 859 751 de
900 698 971 752 te
1003 681 1328 770 judicium
1357 678 1600 761 feram,
1650 690 1720 763 δι

203 776 551 850 maledi&
595 773 1136 850 Adverfiiriorum
1197 802 1327 874 pro
1372 781 1721 852 calumniis

199 872 489 947 habebo.
582 874 695 943 De
721 888 834 955 te,
881 873 1106 969 d’eque
1145 877 1283 946 tuis
1315 873 1720 950 Adversariis

202 994 284 1043 ex
310 969 505 1043 rebus
522 1015 542 1047 ,
590 990 732 1045 non
759 992 842 1042 ex
881 970 1137 1052 verbis,
1173 970 1510 1059 judicabo.
1553 976 1716 1048 Vita

197 1067 405 1140 nimis
430 1064 649 1141 brevis
677 1064 772 1138 est
793 1114 816 1148 ,
861 1062 1180 1162 nimisque
1199 1071 1422 1140 multae
1448 1092 1553 1140 res
1573 1093 1715 1143 ma-

196 1166 318 1263 gni
348 1160 678 1237 momenti
702 1158 1039 1258 supersunt
1064 1164 1228 1237 mihi
1253 1162 1569 1237 discendae
1598 1185 1717 1240 aut

198 1259 400 1336 altius
416 1258 747 1333 memoriae
769 1260 1153 1357 infigendae,
1200 1261 1407 1356 quam
1441 1280 1519 1334 ut
1543 1280 1715 1333 tem·

199 1380 338 1454 pus
350 1374 556 1430 tetam
570 1356 639 1428 in
657 1360 954 1455 legend18
972 1358 1292 1432 convitiis
1304 1408 1328 1444 ‚
1346 1378 1467 1433 aut
1477 1383 1714 1434 eorum

197 1450 811 1528 confutationibus.

293 1555 455 1623 Haec
480 1553 886 1646 loquuntur,
930 1569 1053 1625 aut
1079 1553 1259 1630 certe
1289 1555 1591 1651 cogitant
1621 1552 1713 1630 sa·

193 1648 577 1748 pientiffimi
609 1647 865 1743 quique
891 1695 911 1729 ,
972 1673 1264 1746 quorum
1303 1650 1713 1748 potiffimum

191 1744 653 1820 scribentibus
708 1745 879 1818 ratio
927 1747 1240 1822 habenda
1284 1748 1395 1821 est.
1487 1749 1552 1821 Si
1586 1749 1708 1846 qui

190 1842 380 1924 sunt,
424 1843 540 1937 qui
572 1845 964 1924 calumnias,
1013 1845 1373 1941 earumque
1397 1843 1712 1922 confuta-

190 1942 422 2014 tiones
449 1945 717 2035 legunt,
765 1940 815 2012 ii
839 1939 987 2014 sunt
1004 1963 1287 2015 numero
1304 1943 1525 2013 multo
1544 1964 1714 2038 pau·

194 2039 419 2111 ciores
440 2084 463 2118 ,
508 2058 631 2108 nec
655 2058 845 2132 pares
875 2039 1293 2113 auctoritare.
1384 2041 1558 2114 Sunt
1588 2041 1713 2135 qui

190 2153 564 2228 utrumque
610 2135 1169 2208 contendentium
1213 2155 1470 2207 norunt
1490 2183 1515 2218 ,
1592 2155 1711 2211 aut

185 2231 316 2331 qui
338 2231 643 2314 alterutri
664 2228 892 2307 favent
919 2234 1023 2305 vel
1044 2230 1467 2306 adversantur
1489 2281 1512 2315 ,
1559 2254 1712 2328 gra-

188 2329 294 2401 tifi
337 2346 457 2400 aut
503 2328 670 2401 odio
720 2328 1055 2402 transversi
1098 2330 1248 2401 acti.
1349 2331 1443 2402 Hi
1472 2333 1710 2425 legunt

189 2426 395 2499 initio
444 2448 590 2521 quae
635 2425 725 2497 ad
771 2426 1082 2498 homines
1117 2422 1295 2523 ipsos
1330 2429 1713 2523 pertinent,

190 2531 265 2597 &
297 2523 635 2616 utrimque
684 2522 853 2597 dic-ta
878 2525 1293 2620 expendunt.
1358 2530 1455 2597 At
1487 2523 1556 2595 hi
1586 2525 1707 2620 ipfi

188 2618 317 2717 qui
344 2616 634 2712 primum
657 2621 930 2693 attentis
946 2622 1200 2702 oculis5
1240 2640 1447 2719 atque
1462 2621 1710 2696 animis

189 2719 334 2790 haec
365 2714 675 2796 lustrant,
718 2714 766 2785 fi
796 2719 1151 2795 contentio
1179 2718 1406 2814 paulio
1440 2718 1711 2794 diutun.
1793 2769 1798 2774 .

193 2814 352 2884 nior
386 2811 505 2893 fit,
552 2812 686 2885 feffi
712 2820 779 2888 &
808 2812 1197 2888 nauseantes
1231 2818 1319 2888 ab
1353 2839 1441 2888 eo
1472 2811 1712 2911 speeta-

191 2911 357 2983 culo
383 2909 653 2984 abeunt.
750 2909 1017 2983 Primos
1042 2933 1122 2984 ac
1146 2907 1472 2984 secundos
1492 2913 1710 2990 (ierus,

190 3005 567 3106 eorumque
613 3006 1094 3084 declinationes
1135 3027 1255 3089 aut
1302 3006 1710 3105 repulfiones

201 3107 222 3110 “’
283 3107 290 3108 ’
661 3109 665 3112 ’
856 3103 971 3208 Bb
1016 3132 1066 3204 4
1385 3104 1712 3200 spefflntz
