2447 3651
753 150 891 245 396
1085 140 1435 237 Ansemper
1456 139 1929 238 respondendum

746 242 925 332 Quis
953 235 1114 310 vero
1139 264 1281 312 non
1307 242 1679 334 frequenter
1707 242 1864 336 legit
1890 245 2169 320 maximi
2180 249 2266 323 ii-

732 340 875 409 -lius
896 337 1016 409 viri
1041 337 1268 432 Opera
1283 384 1304 417 ,
1322 337 1411 409 ad
1437 340 2060 434 interpretationem
2087 349 2267 419 Scri·-

731 454 961 530 pturae
1008 434 1213 507 Sacrae
1242 454 1360 506 aut
1375 431 1909 533 Jurisprudentiae
1925 442 2267 533 pertinen-

734 535 883 607 tia?
929 530 1171 625 Saepius
1202 533 1337 620 jam
1364 533 1625 614 recusa,
1652 535 1853 606 variis
1874 535 1945 611 in
1970 537 2263 635 Europae

735 632 942 708 Iocis.
987 626 1260 704 fuerunt
1280 637 1347 706 &
1371 626 1587 723 porro
1612 631 2018 721 recudentur
2034 662 2057 716 3
2101 639 2259 734 quia

735 730 898 799 cum
932 727 1058 798 fint
1102 725 1488 820 quotidiani
1511 729 1673 813 usus
1693 775 1717 808 ‚
1765 728 1910 824 ipsis
1938 738 2256 815 evolven3

735 826 908 899 tium
934 824 1242 896 manibus
1276 841 1620 907 teruntur,
1668 823 2142 925 sequentesque
2178 859 2257 917 ε,-

739 940 914 1009 ζαεεε
967 922 1053 993 iis·
1107 942 1250 992 non
1300 921 1522 1002 minus
1574 922 1888 1019 indigent
1935 947 2010 997 ac
2049 927 2254 1023 supe·-

735 1018 967 1091 riores.
1063 1021 1227 1090 Non
1275 1013 1541 1092 defuere
1575 1019 1856 1114 quidem
1884 1023 2244 1122 Theologi,

603 1140 620 1157 ·
736 1118 988 1209 quibus
1015 1139 1158 1187 non
1189 1113 1342 1188 satis
1379 1115 1508 1190 fuit
1542 1141 1689 1211 quae
1713 1118 1802 1192 ab
1829 1142 1918 1190 eo
1944 1120 2243 1197 humani.

736 1231 856 1289 tus
882 1214 1118 1287 delicsta
1140 1209 1287 1285 sunt
1309 1214 1605 1304 modeste
1649 1222 1725 1301 ὃς
1753 1214 1893 1287 fine
1915 1217 2249 1294 acerbita-

734 1329 841 1390 te,
886 1309 1267 1390 confutare,
1294 1333 1379 1380 ne
1408 1311 1818 1385 incautiores
1843 1313 1989 1401 ejus
2013 1321 2246 1392 aucto·

732 1408 927 1495 ritate
954 1404 1329 1479 fallerentur
1337 1433 1360 1488 3
1393 1407 1587 1503 quod
1617 1406 1862 1504 semper
1885 1412 1994 1498 jus
2011 1410 2248 1509 Bisque

732 1503 857 1597 effe
883 1527 1124 1576 omnes
1149 1505 1319 1587 boni
1336 1524 1543 1601 atque
1556 1507 1808 1580 eruditi
1829 1508 2235 1596 judicarim&

730 1600 985 1692 sedqui
1013 1603 1358 1696 optim-um
1389 1610 1609 1675 virum
1636 1599 1989 1688 infamata
2022 1626 2237 1707 atque

723 1697 1061 1785 immerito
1075 1701 1302 1793 paffim
1331 1700 1640 1774 mordere
1667 1704 1899 1778 conati
1921 1700 2091 1787 sunt.
2142 1707 2237 1785 Ae

723 1796 1043 1891 perpauci
1067 1799 1203 1869 haec
1244 1798 1645 1894 pugnacium
1681 1799 2110 1897 ingeniorum
2135 1806 2236 1877 O-

720 1895 1155 1989 peralegunt,
1174 1903 1242 1966 &
1271 1895 1422 1969 satis
1448 1894 1710 1969 constat
1721 1897 2232 1995 antesignanum

715 1996 1104 2086 quempiam
1127 2015 1364 2068 eorum
1395 2017 1766 2089 numquam
1790 2013 2089 2071 emtores
2131 2000 2229 2070 in-

719 2107 1075 2161 venturum
1098 2088 1282 2163 fuiffe
1303 2090 1737 2164 mordacibus
1762 2092 2046 2189 Scriptis
2061 2145 2085 2179 ‚
2115 2097 2230 2177 nili·

712 2186 799 2256 iis
821 2187 1056 2258 callide
1080 2191 1418 2285 integrum
1433 2191 1633 2283 Opus
1664 2190 2123 2280 Grotianum,
2151 2195 2227 2277 in

709 2281 1119 2377 scripturam
1144 2293 1404 2362 Sacram
1420 2340 1439 2371 ‚
1486 2283 1857 2370 inseruiffet.

739 2443 750 2448 -
810 2383 1029 2476 Igitur
1074 2385 1192 2477 qui
1239 2409 1380 2457 non
1427 2384 1690 2466 tantum
1715 2383 1919 2466 saeculi
1942 2382 2040 2461 sui
2061 2391 2228 2462 cau-,2

714 2474 779 2546 fii
806 2524 828 2556 ,
886 2477 991 2548 sed
1029 2484 1231 2552 etiam
1269 2498 1546 2573 propter
1589 2480 2053 2574 posteritatem
2084 2510 2226 2560 ma-

711 2594 880 2644 num
904 2577 1161 2646 calamo
1194 2574 1590 2657 admovent,
1637 2579 1725 2651 ab
1751 2580 2029 2653 utilibus
2052 2582 2235 2657 Scri-

711 2668 848 2761 ptis
874 2670 1138 2740 avocari
1166 2693 1309 2743 non
1353 2672 1608 2745 debent
1632 2676 1717 2749 ad
1757 2673 2237 2764 confutandas-

712 2765 1086 2844 invidorum
1103 2770 1468 2843 calumnias
1479 2797 1501 2851 3
1546 2772 1669 2843 nifi
1708 2775 1908 2868 plane
1935 2774 2219 2851 neceffa-

710 2864 876 2944 rium
907 2863 985 2936 fit
1002 2911 1025 2944 ,
1072 2884 1148 2936 ut
1165 2864 1250 2940 iis
1265 2866 1420 2962 ipsis
1442 2886 1689 2941 aeternae
1707 2871 2009 2946 utilitatis
2027 2876 2216 2970 Ope-

705 2962 895 3046 ribus
917 2962 1303 3056 incumbere
1322 3013 1325 3016 -
1341 2961 1668 3050 sedatiore
1703 2967 1936 3065 postea
1976 2970 2207 3048 animo

739 3103 742 3108 <
1716 3073 1719 3078 ’
1920 3069 2211 3166 Ῥοῌὶῃι.
