<?xml version="1.0" encoding="UTF-8"?>
<!DOCTYPE html PUBLIC "-//W3C//DTD XHTML 1.0 Transitional//EN"
    "http://www.w3.org/TR/xhtml1/DTD/xhtml1-transitional.dtd">
<html xmlns="http://www.w3.org/1999/xhtml" xml:lang="en" lang="en">
 <head>
  <title>
</title>
<meta http-equiv="Content-Type" content="text/html;charset=utf-8" />
  <meta name='ocr-system' content='tesseract 3.04.00' />
  <meta name='ocr-capabilities' content='ocr_page ocr_carea ocr_par ocr_line ocrx_word'/>
</head>
<body>
  <div class='ocr_page' id='page_1' title='image "./joannisclericia00clergoog_0186.png"; bbox 0 0 2447 3651; ppageno 0'>
   <div class='ocr_carea' id='block_1_1' title="bbox 628 166 2218 3158">
    <p class='ocr_par' dir='ltr' id='par_1_1' title="bbox 707 166 1818 265">
     <span class='ocr_line' id='line_1_1' title="bbox 707 166 1818 265; baseline -0.009 -18"><span class='ocrx_word' id='word_1_1' title='bbox 707 176 857 265; x_wconf 61' lang='grc' dir='ltr'>ηδ</span> <span class='ocrx_word' id='word_1_2' title='bbox 1098 169 1157 240; x_wconf 88' lang='lat' dir='ltr'><strong>E</strong></span> <span class='ocrx_word' id='word_1_3' title='bbox 1202 192 1242 241; x_wconf 74' lang='grc' dir='ltr'><strong><em>Ρ</em></strong></span> <span class='ocrx_word' id='word_1_4' title='bbox 1289 190 1318 238; x_wconf 92' lang='lat'>1</span> <span class='ocrx_word' id='word_1_5' title='bbox 1368 188 1402 239; x_wconf 88' lang='lat' dir='ltr'>s</span> <span class='ocrx_word' id='word_1_6' title='bbox 1445 188 1489 236; x_wconf 84' lang='grc' dir='ltr'><strong><em>τ</em></strong></span> <span class='ocrx_word' id='word_1_7' title='bbox 1536 188 1585 237; x_wconf 89' lang='lat' dir='ltr'>o</span> <span class='ocrx_word' id='word_1_8' title='bbox 1629 166 1672 237; x_wconf 76' lang='grc' dir='ltr'>ι’</span> <span class='ocrx_word' id='word_1_9' title='bbox 1711 190 1780 238; x_wconf 56' lang='grc' dir='ltr'>,ιι</span> <span class='ocrx_word' id='word_1_10' title='bbox 1811 194 1818 199; x_wconf 82' lang='grc'>-</span> 
     </span>
    </p>

    <p class='ocr_par' dir='ltr' id='par_1_2' title="bbox 705 260 2218 726">
     <span class='ocr_line' id='line_1_2' title="bbox 707 260 2202 359; baseline -0.003 -18"><span class='ocrx_word' id='word_1_11' title='bbox 707 265 1150 341; x_wconf 78' lang='lat' dir='ltr'>cinationum.</span> <span class='ocrx_word' id='word_1_12' title='bbox 1242 271 1481 359; x_wconf 80' lang='lat' dir='ltr'>Itaque</span> <span class='ocrx_word' id='word_1_13' title='bbox 1506 309 1527 339; x_wconf 66' lang='lat'><em>2</em></span> <span class='ocrx_word' id='word_1_14' title='bbox 1584 260 1827 336; x_wconf 88' lang='lat' dir='ltr'>eodem</span> <span class='ocrx_word' id='word_1_15' title='bbox 1853 262 2008 353; x_wconf 83' lang='lat' dir='ltr'>jure</span> <span class='ocrx_word' id='word_1_16' title='bbox 2027 312 2048 347; x_wconf 85' lang='lat'><strong>,</strong></span> <span class='ocrx_word' id='word_1_17' title='bbox 2103 266 2202 341; x_wconf 82' lang='lat' dir='ltr'>iis-</span> 
     </span>
     <span class='ocr_line' id='line_1_3' title="bbox 710 355 2208 458; baseline 0.003 -22"><span class='ocrx_word' id='word_1_18' title='bbox 710 363 1006 458; x_wconf 87' lang='lat' dir='ltr'>de&#39;mque</span> <span class='ocrx_word' id='word_1_19' title='bbox 1036 355 1293 458; x_wconf 89' lang='lat' dir='ltr'>legibus</span> <span class='ocrx_word' id='word_1_20' title='bbox 1322 382 1475 458; x_wconf 84' lang='lat' dir='ltr'>erga</span> <span class='ocrx_word' id='word_1_21' title='bbox 1498 363 1778 434; x_wconf 85' lang='lat' dir='ltr'>Veteres</span> <span class='ocrx_word' id='word_1_22' title='bbox 1793 380 2100 447; x_wconf 85' lang='lat' dir='ltr'>utemur,</span> <span class='ocrx_word' id='word_1_23' title='bbox 2132 388 2208 440; x_wconf 80' lang='lat' dir='ltr'>ac</span> 
     </span>
     <span class='ocr_line' id='line_1_4' title="bbox 709 457 2212 555; baseline 0.003 -24"><span class='ocrx_word' id='word_1_24' title='bbox 709 482 868 555; x_wconf 83' lang='lat' dir='ltr'>erga</span> <span class='ocrx_word' id='word_1_25' title='bbox 901 457 1336 531; x_wconf 88' lang='lat' dir='ltr'>Recentiores</span> <span class='ocrx_word' id='word_1_26' title='bbox 1359 482 1380 537; x_wconf 83' lang='lat'>3</span> <span class='ocrx_word' id='word_1_27' title='bbox 1437 474 1641 553; x_wconf 87' lang='lat' dir='ltr'>atque</span> <span class='ocrx_word' id='word_1_28' title='bbox 1670 481 1752 529; x_wconf 85' lang='lat' dir='ltr'>ex</span> <span class='ocrx_word' id='word_1_29' title='bbox 1774 458 1859 530; x_wconf 84' lang='lat' dir='ltr'>iis</span> <span class='ocrx_word' id='word_1_30' title='bbox 1883 462 2212 534; x_wconf 55' lang='lat' dir='ltr'>reverebia</span> 
     </span>
     <span class='ocr_line' id='line_1_5' title="bbox 707 550 2211 652; baseline 0.003 -26"><span class='ocrx_word' id='word_1_31' title='bbox 707 579 891 637; x_wconf 83' lang='lat' dir='ltr'>mur,</span> <span class='ocrx_word' id='word_1_32' title='bbox 938 572 1054 627; x_wconf 83' lang='lat' dir='ltr'>aut</span> <span class='ocrx_word' id='word_1_33' title='bbox 1092 552 1519 652; x_wconf 83' lang='lat' dir='ltr'>spernemus;</span> <span class='ocrx_word' id='word_1_34' title='bbox 1580 550 1993 630; x_wconf 82' lang='lat' dir='ltr'>absolvemus</span> <span class='ocrx_word' id='word_1_35' title='bbox 2020 605 2045 641; x_wconf 87' lang='lat'>,</span> <span class='ocrx_word' id='word_1_36' title='bbox 2094 577 2211 633; x_wconf 87' lang='lat' dir='ltr'>aut</span> 
     </span>
     <span class='ocr_line' id='line_1_6' title="bbox 705 651 2218 726; baseline -0.006 0"><span class='ocrx_word' id='word_1_37' title='bbox 705 651 1197 726; x_wconf 84' lang='lat' dir='ltr'>damnabimus.</span> <span class='ocrx_word' id='word_1_38' title='bbox 2212 704 2218 717; x_wconf 87' lang='lat'><strong>.</strong></span> 
     </span>
    </p>

    <p class='ocr_par' dir='ltr' id='par_1_3' title="bbox 698 746 2215 1621">
     <span class='ocr_line' id='line_1_7' title="bbox 798 746 2211 844; baseline 0.005 -25"><span class='ocrx_word' id='word_1_39' title='bbox 798 756 969 844; x_wconf 78' lang='lat' dir='ltr'>Qae</span> <span class='ocrx_word' id='word_1_40' title='bbox 1002 747 1142 820; x_wconf 88' lang='lat' dir='ltr'>dixi</span> <span class='ocrx_word' id='word_1_41' title='bbox 1166 748 1480 821; x_wconf 67' lang='lat' dir='ltr'>haetenus</span> <span class='ocrx_word' id='word_1_42' title='bbox 1518 746 1606 820; x_wconf 70' lang='lat' dir='ltr'>eb</span> <span class='ocrx_word' id='word_1_43' title='bbox 1629 746 1958 843; x_wconf 69' lang='lat' dir='ltr'>spestant,</span> <span class='ocrx_word' id='word_1_44' title='bbox 2003 770 2086 825; x_wconf 84' lang='lat' dir='ltr'>ut</span> <span class='ocrx_word' id='word_1_45' title='bbox 2100 752 2211 825; x_wconf 87' lang='lat' dir='ltr'>in·-</span> 
     </span>
     <span class='ocr_line' id='line_1_8' title="bbox 704 846 2212 942; baseline 0.004 -25"><span class='ocrx_word' id='word_1_46' title='bbox 704 846 1035 942; x_wconf 74' lang='lat' dir='ltr'>telligatur</span> <span class='ocrx_word' id='word_1_47' title='bbox 1072 846 1254 917; x_wconf 81' lang='lat' dir='ltr'>haud</span> <span class='ocrx_word' id='word_1_48' title='bbox 1286 847 1514 942; x_wconf 62' lang='lat' dir='ltr'>paulli&gt;</span> <span class='ocrx_word' id='word_1_49' title='bbox 1552 846 1769 933; x_wconf 80' lang='lat' dir='ltr'>major</span> <span class='ocrx_word' id='word_1_50' title='bbox 1827 846 2059 921; x_wconf 89' lang='lat' dir='ltr'>deberi</span> <span class='ocrx_word' id='word_1_51' title='bbox 2103 873 2212 922; x_wconf 83' lang='lat' dir='ltr'>re·-</span> 
     </span>
     <span class='ocr_line' id='line_1_9' title="bbox 703 941 2215 1039; baseline 0.003 -25"><span class='ocrx_word' id='word_1_52' title='bbox 703 942 1003 1017; x_wconf 78' lang='lat' dir='ltr'>verentia</span> <span class='ocrx_word' id='word_1_53' title='bbox 1030 941 1182 1014; x_wconf 83' lang='lat' dir='ltr'>viris</span> <span class='ocrx_word' id='word_1_54' title='bbox 1227 941 1523 1039; x_wconf 81' lang='lat' dir='ltr'>magnis,</span> <span class='ocrx_word' id='word_1_55' title='bbox 1568 964 1748 1038; x_wconf 82' lang='lat' dir='ltr'>quos</span> <span class='ocrx_word' id='word_1_56' title='bbox 1772 964 2043 1038; x_wconf 76' lang='lat' dir='ltr'>patrum</span> <span class='ocrx_word' id='word_1_57' title='bbox 2091 971 2215 1019; x_wconf 88' lang='lat' dir='ltr'>no·</span> 
     </span>
     <span class='ocr_line' id='line_1_10' title="bbox 703 1036 2213 1138; baseline 0.001 -26"><span class='ocrx_word' id='word_1_58' title='bbox 703 1036 992 1112; x_wconf 77' lang='lat' dir='ltr'>ssrorum</span> <span class='ocrx_word' id='word_1_59' title='bbox 1022 1044 1089 1109; x_wconf 79' lang='grc' dir='ltr'>δι</span> <span class='ocrx_word' id='word_1_60' title='bbox 1117 1038 1341 1112; x_wconf 86' lang='lat' dir='ltr'>nostra</span> <span class='ocrx_word' id='word_1_61' title='bbox 1366 1038 1503 1110; x_wconf 85' lang='lat' dir='ltr'>haec</span> <span class='ocrx_word' id='word_1_62' title='bbox 1517 1059 1677 1112; x_wconf 78' lang='lat' dir='ltr'>aetas</span> <span class='ocrx_word' id='word_1_63' title='bbox 1704 1040 1856 1111; x_wconf 87' lang='lat' dir='ltr'>tulit</span> <span class='ocrx_word' id='word_1_64' title='bbox 1884 1067 1905 1122; x_wconf 81' lang='lat'>3</span> <span class='ocrx_word' id='word_1_65' title='bbox 2001 1043 2213 1138; x_wconf 69' lang='lat' dir='ltr'>quzim</span> 
     </span>
     <span class='ocr_line' id='line_1_11' title="bbox 703 1132 2215 1235; baseline 0.003 -27"><span class='ocrx_word' id='word_1_66' title='bbox 703 1132 932 1233; x_wconf 85' lang='lat' dir='ltr'>priscis</span> <span class='ocrx_word' id='word_1_67' title='bbox 975 1184 998 1217; x_wconf 89' lang='lat'>‚</span> <span class='ocrx_word' id='word_1_68' title='bbox 1068 1158 1248 1230; x_wconf 86' lang='lat' dir='ltr'>quos</span> <span class='ocrx_word' id='word_1_69' title='bbox 1292 1135 1483 1207; x_wconf 86' lang='lat' dir='ltr'>omni</span> <span class='ocrx_word' id='word_1_70' title='bbox 1515 1136 1917 1211; x_wconf 83' lang='lat' dir='ltr'>eruditionis</span> <span class='ocrx_word' id='word_1_71' title='bbox 1964 1163 2215 1235; x_wconf 83' lang='lat' dir='ltr'>genere</span> 
     </span>
     <span class='ocr_line' id='line_1_12' title="bbox 703 1227 2209 1331; baseline 0.003 -25"><span class='ocrx_word' id='word_1_72' title='bbox 703 1231 993 1307; x_wconf 74' lang='lat' dir='ltr'>multum</span> <span class='ocrx_word' id='word_1_73' title='bbox 1027 1227 1431 1328; x_wconf 83' lang='lat' dir='ltr'>superarunt.</span> <span class='ocrx_word' id='word_1_74' title='bbox 1529 1238 1660 1314; x_wconf 83' lang='lat' dir='ltr'>At,</span> <span class='ocrx_word' id='word_1_75' title='bbox 1705 1232 2010 1329; x_wconf 85' lang='lat' dir='ltr'>inquies,</span> <span class='ocrx_word' id='word_1_76' title='bbox 2055 1239 2209 1331; x_wconf 85' lang='lat' dir='ltr'>quis</span> 
     </span>
     <span class='ocr_line' id='line_1_13' title="bbox 699 1327 2204 1427; baseline 0.001 -23"><span class='ocrx_word' id='word_1_77' title='bbox 699 1353 864 1427; x_wconf 81' lang='lat' dir='ltr'>ergo</span> <span class='ocrx_word' id='word_1_78' title='bbox 885 1327 1037 1402; x_wconf 90' lang='lat' dir='ltr'>usus</span> <span class='ocrx_word' id='word_1_79' title='bbox 1049 1329 1172 1400; x_wconf 89' lang='lat' dir='ltr'>erit</span> <span class='ocrx_word' id='word_1_80' title='bbox 1184 1329 1597 1425; x_wconf 83' lang='lat' dir='ltr'>Scriptorum</span> <span class='ocrx_word' id='word_1_81' title='bbox 1622 1334 1938 1404; x_wconf 76' lang='lat' dir='ltr'>Parrum?</span> <span class='ocrx_word' id='word_1_82' title='bbox 1955 1356 1964 1367; x_wconf 92' lang='lat'><strong>·</strong></span> <span class='ocrx_word' id='word_1_83' title='bbox 1983 1333 2204 1415; x_wconf 86' lang='lat' dir='ltr'>Idem,</span> 
     </span>
     <span class='ocr_line' id='line_1_14' title="bbox 700 1425 2208 1527; baseline 0.003 -30"><span class='ocrx_word' id='word_1_84' title='bbox 700 1429 821 1522; x_wconf 88' lang='lat' dir='ltr'>qui</span> <span class='ocrx_word' id='word_1_85' title='bbox 857 1452 941 1501; x_wconf 86' lang='lat' dir='ltr'>ex</span> <span class='ocrx_word' id='word_1_86' title='bbox 987 1425 1214 1504; x_wconf 86' lang='lat' dir='ltr'>omnis</span> <span class='ocrx_word' id='word_1_87' title='bbox 1259 1425 1523 1526; x_wconf 86' lang='lat' dir='ltr'>generis</span> <span class='ocrx_word' id='word_1_88' title='bbox 1560 1425 2014 1527; x_wconf 80' lang='lat' dir='ltr'>scriptoribus</span> <span class='ocrx_word' id='word_1_89' title='bbox 2061 1434 2208 1504; x_wconf 86' lang='lat' dir='ltr'>col-</span> 
     </span>
     <span class='ocr_line' id='line_1_15' title="bbox 698 1523 1344 1621; baseline -0.002 -25"><span class='ocrx_word' id='word_1_90' title='bbox 698 1523 944 1621; x_wconf 79' lang='lat' dir='ltr'>ligitur.</span> <span class='ocrx_word' id='word_1_91' title='bbox 1335 1578 1344 1586; x_wconf 88' lang='lat'>.</span> 
     </span>
    </p>

    <p class='ocr_par' dir='ltr' id='par_1_4' title="bbox 628 1615 2208 3090">
     <span class='ocr_line' id='line_1_16' title="bbox 802 1615 2207 1717; baseline 0.003 -24"><span class='ocrx_word' id='word_1_92' title='bbox 802 1615 1101 1694; x_wconf 70' lang='lat' dir='ltr'>Primum</span> <span class='ocrx_word' id='word_1_93' title='bbox 1149 1622 1306 1692; x_wconf 72' lang='lat' dir='ltr'>cum</span> <span class='ocrx_word' id='word_1_94' title='bbox 1341 1622 1560 1695; x_wconf 85' lang='lat' dir='ltr'>nullos</span> <span class='ocrx_word' id='word_1_95' title='bbox 1600 1619 1917 1717; x_wconf 80' lang='lat' dir='ltr'>poffimus</span> <span class='ocrx_word' id='word_1_96' title='bbox 1953 1623 2207 1697; x_wconf 87' lang='lat' dir='ltr'>habere</span> 
     </span>
     <span class='ocr_line' id='line_1_17' title="bbox 691 1714 2207 1815; baseline -0.001 -21"><span class='ocrx_word' id='word_1_97' title='bbox 691 1716 863 1794; x_wconf 73' lang='lat' dir='ltr'>alios</span> <span class='ocrx_word' id='word_1_98' title='bbox 885 1714 1204 1791; x_wconf 86' lang='lat' dir='ltr'>certiores</span> <span class='ocrx_word' id='word_1_99' title='bbox 1230 1724 1297 1788; x_wconf 79' lang='grc' dir='ltr'>δι</span> <span class='ocrx_word' id='word_1_100' title='bbox 1334 1716 1472 1790; x_wconf 88' lang='lat' dir='ltr'>fide</span> <span class='ocrx_word' id='word_1_101' title='bbox 1506 1718 2061 1815; x_wconf 74' lang='lat' dir='ltr'>digniorestestes</span> <span class='ocrx_word' id='word_1_102' title='bbox 2083 1745 2207 1794; x_wconf 89' lang='lat' dir='ltr'>eo-</span> 
     </span>
     <span class='ocr_line' id='line_1_18' title="bbox 695 1813 2208 1916; baseline 0.001 -25"><span class='ocrx_word' id='word_1_103' title='bbox 695 1840 843 1891; x_wconf 84' lang='lat' dir='ltr'>rum</span> <span class='ocrx_word' id='word_1_104' title='bbox 872 1829 1023 1914; x_wconf 75' lang='lat' dir='ltr'>quae‘</span> <span class='ocrx_word' id='word_1_105' title='bbox 1041 1813 1384 1898; x_wconf 59' lang='grc' dir='ltr'>κατίδῃς,</span> <span class='ocrx_word' id='word_1_106' title='bbox 1427 1815 1686 1911; x_wconf 89' lang='lat' dir='ltr'>quibus</span> <span class='ocrx_word' id='word_1_107' title='bbox 1710 1817 2051 1897; x_wconf 82' lang='lat' dir='ltr'>vixerunt,</span> <span class='ocrx_word' id='word_1_108' title='bbox 2079 1844 2208 1916; x_wconf 86' lang='lat' dir='ltr'>ge-</span> 
     </span>
     <span class='ocr_line' id='line_1_19' title="bbox 694 1908 2207 2011; baseline -0.001 -22"><span class='ocrx_word' id='word_1_109' title='bbox 694 1912 792 1989; x_wconf 79' lang='lat' dir='ltr'>sta</span> <span class='ocrx_word' id='word_1_110' title='bbox 814 1922 881 1986; x_wconf 68' lang='grc' dir='ltr'>δι</span> <span class='ocrx_word' id='word_1_111' title='bbox 907 1911 1154 1986; x_wconf 86' lang='lat' dir='ltr'>credita</span> <span class='ocrx_word' id='word_1_112' title='bbox 1178 1908 1362 1991; x_wconf 77' lang='lat' dir='ltr'>sunt,</span> <span class='ocrx_word' id='word_1_113' title='bbox 1404 1935 1486 1984; x_wconf 81' lang='lat' dir='ltr'>ex</span> <span class='ocrx_word' id='word_1_114' title='bbox 1512 1936 1752 1988; x_wconf 84' lang='lat' dir='ltr'>eorum</span> <span class='ocrx_word' id='word_1_115' title='bbox 1775 1915 2056 2011; x_wconf 75' lang='lat' dir='ltr'>Scriptis</span> <span class='ocrx_word' id='word_1_116' title='bbox 2081 1917 2207 1989; x_wconf 87' lang='lat' dir='ltr'>Hi-</span> 
     </span>
     <span class='ocr_line' id='line_1_20' title="bbox 691 2006 2208 2109; baseline 0.001 -27"><span class='ocrx_word' id='word_1_117' title='bbox 691 2011 963 2086; x_wconf 85' lang='lat' dir='ltr'>storiam</span> <span class='ocrx_word' id='word_1_118' title='bbox 1007 2006 1336 2083; x_wconf 68' lang='lat' dir='ltr'>fastorum</span> <span class='ocrx_word' id='word_1_119' title='bbox 1379 2016 1447 2080; x_wconf 76' lang='grc' dir='ltr'>δε</span> <span class='ocrx_word' id='word_1_120' title='bbox 1493 2010 1893 2109; x_wconf 79' lang='lat' dir='ltr'>dogmatum</span> <span class='ocrx_word' id='word_1_121' title='bbox 1913 2017 1918 2024; x_wconf 80' lang='grc'><strong><em>’</em></strong></span> <span class='ocrx_word' id='word_1_122' title='bbox 1937 2014 2208 2087; x_wconf 79' lang='lat' dir='ltr'>haurie-</span> 
     </span>
     <span class='ocr_line' id='line_1_21' title="bbox 688 2104 2204 2199; baseline 0.001 -17"><span class='ocrx_word' id='word_1_123' title='bbox 688 2131 869 2182; x_wconf 76' lang='lat' dir='ltr'>mus,</span> <span class='ocrx_word' id='word_1_124' title='bbox 916 2105 1191 2199; x_wconf 73' lang='lat' dir='ltr'>Quibus</span> <span class='ocrx_word' id='word_1_125' title='bbox 1215 2107 1286 2179; x_wconf 90' lang='lat' dir='ltr'>in</span> <span class='ocrx_word' id='word_1_126' title='bbox 1320 2106 1556 2190; x_wconf 86' lang='lat' dir='ltr'>rebus,</span> <span class='ocrx_word' id='word_1_127' title='bbox 1603 2130 1687 2178; x_wconf 91' lang='lat' dir='ltr'>ne</span> <span class='ocrx_word' id='word_1_128' title='bbox 1718 2104 2046 2188; x_wconf 86' lang='lat' dir='ltr'>fallamur,</span> <span class='ocrx_word' id='word_1_129' title='bbox 2083 2111 2204 2184; x_wconf 88' lang='lat' dir='ltr'>ad-</span> 
     </span>
     <span class='ocr_line' id='line_1_22' title="bbox 681 2202 2205 2301; baseline 0.002 -22"><span class='ocrx_word' id='word_1_130' title='bbox 681 2203 985 2279; x_wconf 81' lang='lat' dir='ltr'>hibenda</span> <span class='ocrx_word' id='word_1_131' title='bbox 1004 2202 1132 2275; x_wconf 89' lang='lat' dir='ltr'>erit</span> <span class='ocrx_word' id='word_1_132' title='bbox 1160 2203 1490 2276; x_wconf 82' lang='lat' dir='ltr'>cautio&amp;</span> <span class='ocrx_word' id='word_1_133' title='bbox 1512 2203 1889 2301; x_wconf 80' lang='lat' dir='ltr'>diligentia,</span> <span class='ocrx_word' id='word_1_134' title='bbox 1937 2223 2017 2278; x_wconf 84' lang='lat' dir='ltr'>ut</span> <span class='ocrx_word' id='word_1_135' title='bbox 2040 2203 2205 2282; x_wconf 73' lang='lat' dir='ltr'>alizis</span> 
     </span>
     <span class='ocr_line' id='line_1_23' title="bbox 688 2299 2207 2401; baseline 0 -26"><span class='ocrx_word' id='word_1_136' title='bbox 688 2300 836 2375; x_wconf 86' lang='lat' dir='ltr'>fieri</span> <span class='ocrx_word' id='word_1_137' title='bbox 869 2300 1066 2382; x_wconf 89' lang='lat' dir='ltr'>solet,</span> <span class='ocrx_word' id='word_1_138' title='bbox 1112 2299 1158 2370; x_wconf 87' lang='lat' dir='ltr'>fi</span> <span class='ocrx_word' id='word_1_139' title='bbox 1183 2324 1332 2396; x_wconf 83' lang='lat' dir='ltr'>quae</span> <span class='ocrx_word' id='word_1_140' title='bbox 1368 2323 1473 2372; x_wconf 82' lang='lat' dir='ltr'>res</span> <span class='ocrx_word' id='word_1_141' title='bbox 1511 2300 1732 2397; x_wconf 70' lang='lat' dir='ltr'>pauffb</span> <span class='ocrx_word' id='word_1_142' title='bbox 1757 2303 2021 2398; x_wconf 82' lang='lat' dir='ltr'>gravior</span> <span class='ocrx_word' id='word_1_143' title='bbox 2052 2305 2207 2401; x_wconf 80' lang='lat' dir='ltr'>agi·-</span> 
     </span>
     <span class='ocr_line' id='line_1_24' title="bbox 684 2394 2205 2481; baseline 0.003 -11"><span class='ocrx_word' id='word_1_144' title='bbox 684 2415 820 2473; x_wconf 79' lang='lat' dir='ltr'>tur.</span> <span class='ocrx_word' id='word_1_145' title='bbox 916 2394 1215 2470; x_wconf 87' lang='lat' dir='ltr'>Cuilibet</span> <span class='ocrx_word' id='word_1_146' title='bbox 1262 2394 1407 2468; x_wconf 86' lang='lat' dir='ltr'>testi</span> <span class='ocrx_word' id='word_1_147' title='bbox 1450 2420 1592 2470; x_wconf 86' lang='lat' dir='ltr'>non</span> <span class='ocrx_word' id='word_1_148' title='bbox 1627 2400 1961 2473; x_wconf 87' lang='lat' dir='ltr'>credimus</span> <span class='ocrx_word' id='word_1_149' title='bbox 1987 2448 2013 2481; x_wconf 86' lang='lat'>,</span> <span class='ocrx_word' id='word_1_150' title='bbox 2071 2402 2205 2475; x_wconf 87' lang='lat' dir='ltr'>cir-</span> 
     </span>
     <span class='ocr_line' id='line_1_25' title="bbox 628 2490 2206 2592; baseline 0.003 -24"><span class='ocrx_word' id='word_1_151' title='bbox 628 2519 633 2530; x_wconf 84' lang='grc'><em>·</em></span> <span class='ocrx_word' id='word_1_152' title='bbox 683 2490 1233 2592; x_wconf 81' lang='lat' dir='ltr'>cumstantia&#39;sque</span> <span class='ocrx_word' id='word_1_153' title='bbox 1259 2516 1497 2567; x_wconf 88' lang='lat' dir='ltr'>omnes</span> <span class='ocrx_word' id='word_1_154' title='bbox 1529 2495 1626 2568; x_wconf 89' lang='lat' dir='ltr'>rei</span> <span class='ocrx_word' id='word_1_155' title='bbox 1662 2496 1927 2570; x_wconf 63' lang='lat' dir='ltr'>att-exito</span> <span class='ocrx_word' id='word_1_156' title='bbox 1956 2492 2206 2572; x_wconf 77' lang='lat' dir='ltr'>animo</span> 
     </span>
     <span class='ocr_line' id='line_1_26' title="bbox 677 2586 2203 2686; baseline 0.001 -18"><span class='ocrx_word' id='word_1_157' title='bbox 677 2591 1182 2668; x_wconf 67' lang='lat' dir='ltr'>consideramus</span> <span class='ocrx_word' id='word_1_158' title='bbox 1230 2586 1610 2686; x_wconf 56' lang='lat' dir='ltr'>antequam</span> <span class='ocrx_word' id='word_1_159' title='bbox 1639 2592 1968 2686; x_wconf 69' lang='lat' dir='ltr'>iudicium</span> <span class='ocrx_word' id='word_1_160' title='bbox 2019 2591 2203 2669; x_wconf 86' lang='lat' dir='ltr'>fera-</span> 
     </span>
     <span class='ocr_line' id='line_1_27' title="bbox 676 2687 2197 2788; baseline 0.004 -28"><span class='ocrx_word' id='word_1_161' title='bbox 676 2712 853 2764; x_wconf 77' lang='lat' dir='ltr'>mus,</span> <span class='ocrx_word' id='word_1_162' title='bbox 946 2689 1110 2759; x_wconf 88' lang='lat' dir='ltr'>Non</span> <span class='ocrx_word' id='word_1_163' title='bbox 1137 2710 1406 2782; x_wconf 81' lang='lat' dir='ltr'>aequum</span> <span class='ocrx_word' id='word_1_164' title='bbox 1438 2688 1602 2770; x_wconf 88' lang='lat' dir='ltr'>erit,</span> <span class='ocrx_word' id='word_1_165' title='bbox 1641 2691 1930 2787; x_wconf 79' lang='lat' dir='ltr'>exempli</span> <span class='ocrx_word' id='word_1_166' title='bbox 1950 2687 2197 2788; x_wconf 65' lang='lat' dir='ltr'>gratiii,</span> 
     </span>
     <span class='ocr_line' id='line_1_28' title="bbox 670 2780 2194 2878; baseline 0.005 -22"><span class='ocrx_word' id='word_1_167' title='bbox 670 2809 757 2862; x_wconf 82' lang='lat' dir='ltr'>ut</span> <span class='ocrx_word' id='word_1_168' title='bbox 786 2780 1040 2856; x_wconf 52' lang='lat' dir='ltr'>indias</span> <span class='ocrx_word' id='word_1_169' title='bbox 1075 2780 1279 2856; x_wconf 68' lang='lat' dir='ltr'>causii</span> <span class='ocrx_word' id='word_1_170' title='bbox 1308 2807 1712 2878; x_wconf 82' lang='lat' dir='ltr'>quemquam</span> <span class='ocrx_word' id='word_1_171' title='bbox 1749 2788 2194 2870; x_wconf 82' lang='lat' dir='ltr'>damnemus,</span> 
     </span>
     <span class='ocr_line' id='line_1_29' title="bbox 673 2876 2196 2967; baseline 0.001 -10"><span class='ocrx_word' id='word_1_172' title='bbox 673 2878 758 2959; x_wconf 63' lang='lat' dir='ltr'>eii</span> <span class='ocrx_word' id='word_1_173' title='bbox 783 2881 917 2954; x_wconf 82' lang='lat' dir='ltr'>sola</span> <span class='ocrx_word' id='word_1_174' title='bbox 938 2876 1743 2963; x_wconf 76' lang='lat' dir='ltr'>adversariiaccusatione3</span> <span class='ocrx_word' id='word_1_175' title='bbox 1792 2884 1924 2960; x_wconf 83' lang='lat' dir='ltr'>hoc</span> <span class='ocrx_word' id='word_1_176' title='bbox 1951 2885 2087 2967; x_wconf 87' lang='lat' dir='ltr'>est,</span> <span class='ocrx_word' id='word_1_177' title='bbox 2108 2906 2196 2959; x_wconf 69' lang='lat' dir='ltr'>ut</span> 
     </span>
     <span class='ocr_line' id='line_1_30' title="bbox 673 2973 2194 3090; baseline 0.003 -33"><span class='ocrx_word' id='word_1_178' title='bbox 673 2981 1033 3072; x_wconf 67' lang='lat' dir='ltr'>credamus</span> <span class='ocrx_word' id='word_1_179' title='bbox 1053 2973 1416 3082; x_wconf 71' lang='lat' dir='ltr'>adversatio</span> <span class='ocrx_word' id='word_1_180' title='bbox 1429 2978 1547 3081; x_wconf 82' lang='lat' dir='ltr'>qui</span> <span class='ocrx_word' id='word_1_181' title='bbox 1572 2980 1816 3087; x_wconf 43' lang='lat' dir='ltr'>{cere}</span> <span class='ocrx_word' id='word_1_182' title='bbox 1834 2977 2194 3090; x_wconf 69' lang='lat' dir='ltr'>invehitun</span> 
     </span>
    </p>

    <p class='ocr_par' dir='ltr' id='par_1_5' title="bbox 830 3101 2180 3158">
     <span class='ocr_line' id='line_1_31' title="bbox 830 3101 2180 3158; baseline 0.003 -4"><span class='ocrx_word' id='word_1_183' title='bbox 830 3113 839 3118; x_wconf 87' lang='grc'><em>·</em></span> <span class='ocrx_word' id='word_1_184' title='bbox 1295 3127 1304 3134; x_wconf 71' lang='lat'>„</span> <span class='ocrx_word' id='word_1_185' title='bbox 2108 3101 2180 3158; x_wconf 70' lang='lat' dir='ltr'>m</span> 
     </span>
    </p>
   </div>
  </div>
 </body>
</html>
