2447 3651
749 213 971 305 416,
1084 254 1094 261 ·
1213 215 1894 299 Errsroi'AE
2001 232 2012 237 “
2116 291 2196 317 .‚

739 314 788 406 (
801 340 1050 416 quorum
1091 341 1165 389 ea
1182 315 1327 410 fuit
1363 322 1647 416 modestia
1688 372 1712 406 ,
1783 318 1866 404 &³
1888 318 2272 421 fizcrqsani't'i

749 416 1001 509 mysterii
1022 423 1355 488 reverentia
1368 465 1390 499 ,
1434 441 1505 491 ut
1532 418 1685 512 &fico
1699 424 1966 495 cefebello
1986 424 2270 521 ipsamqfi

726 510 983 609 finxtffe
992 519 1343 611 neutiquam
1356 518 1911 619 exssimandistnt)
1942 524 2265 620 tamquam

742 615 993 681 inanem
1019 607 1420 701 subtilitatem
1457 612 1738 711 despicere
1770 619 1855 698 (T
1883 620 2263 693 contemnere.

744 708 876 781 Dic
893 729 962 779 tu
985 709 1184 805 qualis
1190 706 1396 801 fuerit
1431 712 1476 788 ξ
1502 713 1678 806 Ao'y8
1713 714 1793 792 Θ·
1822 716 1972 787 Filii
1994 720 2125 789 Dei
2157 722 2263 791 κέ-

739 831 910 878 νωσις
941 807 1022 886 (9‘
1052 806 1516 900 συγκαιπίέοισις
1545 855 1568 891 ‚
1614 809 1738 907 qud
1751 831 1989 910 propter
2015 840 2125 887 nos
2145 817 2262 888 ho-

741 909 935 972 mines
956 903 1040 983 &'
1075 903 1333 996 nostram
1334 900 1597 994 sczlutem
1621 909 1662 977 d
1689 908 1877 981 Patre
1917 918 2118 984 exivit
2146 960 2166 992 ‚
2231 912 2264 986 ὲ

737 1001 903 1070 caeBs
929 995 1218 1092 descendit
1244 1003 1325 1082 (Ὺ
1347 1008 1696 1075 incarnatus
1699 1000 1840 1097 fuit
1861 1057 1881 1088 ,
1928 1008 2010 1087 &⁹
2034 1012 2259 1105 egotibi

735 1099 998 1169 alteram
1035 1097 1206 1168 illam
1242 1100 1702 1192 συγκοιπίδοισ-ιν
1741 1107 2034 1199 explicare
2066 1134 2257 1180 cona-

641 1243 644 1247 .
734 1196 842 1266 bor
853 1223 876 1274 ,·
921 1214 1026 1278 ut,
1044 1191 1277 1289 stilicet
1301 1245 1324 1277 ,
1383 1195 1493 1286 ins
1566 1205 1752 1271 ’amus
1778 1203 1981 1285 ambo,
2028 1212 2097 1277 in
2122 1208 2256 1278 Dei

735 1293 1005 1387 mysteria
1027 1292 1215 1362 oculos
1236 1299 1533 1387 injiciente
1574 1345 1597 1378 ‚
1641 1303 1768 1371 &c.
1863 1303 2024 1374 Haec
2072 1301 2284 1377 certe*

737 1409 881 1461 non
906 1386 1206 1485 intelligo
1227 1437 1247 1471 ,
1296 1410 1416 1464 aut
1567 1393 1725 1468 inde
1754 1393 1847 1467 est
1872 1418 1952 1469 ac
1980 1398 2030 1469 fi
2058 1400 2256 1474 dice-

734 1502 972 1560 rentur
1001 1482 1098 1559 ita
1118 1482 1245 1558 effe
1267 1489 1430 1585 loqu
1518 1489 1533 1504 '
1564 1489 1652 1561 de
1682 1515 1752 1564 re
1783 1500 2254 1591 οἱκαταληπτῷ,

606 1634 610 1637 t
729 1598 811 1654 ut
841 1580 1120 1678 intelligi
1153 1604 1510 1678 nequeant.
1604 1588 1787 1664 Talia
1829 1607 2059 1664 autem
2104 1617 2255 1667 non

729 1700 948 1779 pauca
973 1699 1342 1753 occurrunt
1359 1731 1382 1765 ,
1428 1702 1507 1755 ut
1541 1681 1672 1756 sola
1706 1688 1904 1758 1εᾶἰο
1931 1690 2256 1789 Definfio·

732 1783 833 1852 nis
857 1778 1144 1850 Bullanae
1176 1802 1297 1852 eos
1332 1779 1453 1877 qui
1500 1780 1732 1857 Patres
1761 1781 1944 1882 ipsos
1974 1809 2114 1861 non
2142 1792 2252 1864 le-

729 1894 979 1975 gerunt
1002 1875 1159 1950 satis
1191 1876 1504 1951 docebit..
2013 1913 2016 1918 ·
2240 1883 2252 1890 ’
2316 1959 2319 1960 ⁷

828 1973 1023 2069 Qid
1049 1973 1144 2047 est
1166 1997 1368 2071 erge,
1413 1977 2094 2068 anssnnnmsm
2121 2009 2246 2060 Ma

726 2075 1113 2155 Ριυεευι,
1161 2095 1282 2145 cur
1326 2072 1496 2146 mihi
1541 2076 1683 2149 haec
1729 2078 1987 2174 aliique
2030 2079 2101 2153 id
2125 2106 2252 2179 ge·-

726 2173 859 2243 n'us
897 2167 1149 2242 dicenti
1178 2168 1583 2267 ‘indignetur
1611 2221 1632 2254 ‚
1680 2180 1747 2247 δι
1785 2176 2103 2251 invidiam
2133 2178 2254 2253 fa-

729 2288 883 2339 cere
911 2286 1197 2339 conetur
1236 2266 1783 2345 Windesorienfis
1810 2274 2254 2350 canonicus?

725 2364 901 2437 Non
947 2363 1144 2460 capio
1164 2410 1185 2443 ,
1229 2362 1350 2434 nifi
1413 2362 1595 2439 forte
1640 2369 1721 2443 fit
1781 2369 2207 2447 intoleranda
2225 2423 2249 2457 ‚

723 2459 800 2546 in
843 2458 1013 2532 meis
1069 2458 1344 2557 Scriptis
1369 2509 1389 2540 ,
1453 2466 1717 2541 Veritas
1741 2515 1764 2548 ‚
1808 2491 1955 2563 quae
1989 2469 2063 2540 in
2092 2470 2250 2545 aliis

721 2555 1050 2633 laudatur.
1150 2557 1352 2629 Forte
1376 2577 1602 2638 tamen
1632 2563 1816 2639 dicet
1846 2567 1969 2640 Vir
2006 2568 2254 2643 Erudi-.

722 2651 886 2727 tusa
900 2678 1009 2725 me
1031 2652 1184 2727 talia
1206 2655 1275 2727 in
1290 2663 1771 2733 contumeliam
1799 2667 2062 2736 Parrum
2082 2687 2252 2760 pro-

717 2749 881 2825 ferri
898 2802 920 2835 ,
967 2749 1077 2827 sed
1105 2752 1236 2827 alio
1266 2753 1556 2829 animoa
1582 2759 1761 2831 Bullo
1788 2758 1913 2833 effe
1940 2760 2249 2836 animad-

717 2850 915 2923 versa.
1011 2848 1113 2923 At
1131 2851 1180 2922 fi
1213 2873 1323 2924 res
1352 2848 1484 2947 ipsa
1519 2872 1663 2935 non
1688 2856 1765 2928 fit
1788 2855 2248 2932 contumelio-

715 2946 783 3021 sa
805 2998 828 3031 ‚
876 2948 1137 3021 animus
1185 2972 1329 3044 quo
1369 2938 1707 3045 profert'ur
1731 2976 1878 3025 eam
1915 2977 2059 3026 non
2089 2980 2246 3027 mu-

712 3062 836 3142 tat.
885 3047 956 3122 si
983 3044 1464 3124 contumeliosa
1481 3047 1561 3125 fit
1588 3097 1613 3136 ‚
1651 3049 2124 3155 irreverentiits
2137 3054 2239 3127 de
