2447 3651
708 215 796 284 68
1136 212 1194 283 E
1245 233 1285 282 ι»
1329 230 1356 278 1
1407 230 1443 282 s
1488 228 1532 278 τ
1581 232 1628 279 o
1681 229 1723 278 L
1765 234 1828 280 ,ιε

704 307 1037 377 Petavium
1063 353 1086 388 ‚
1126 300 1512 377 Sirmondum
1536 359 1553 383 .
1608 301 1898 402 alibsque
1932 301 2239 377 dofflffi-

700 426 864 476 -mos
887 404 1070 477 vitos
1095 453 1116 484 ,
1178 426 1358 499 quos
1381 398 1636 476 fatetur
1657 424 1814 476 ante
1851 424 1964 474 me
2000 402 2236 483 sunilia

709 497 952 573 senfiffe
999 549 1021 583 ‚
1118 508 1187 573 &
1216 524 1511 596 quorum
1541 499 1888 583 nonnulli,
1935 520 2017 572 ut
2040 501 2232 572 Peta-

708 605 849 669 vius
876 647 896 678 ,
955 623 1041 670 ex
1085 597 1374 696 professo
1398 622 1436 671 a
1486 598 1675 694 greffi
1704 597 1850 671 sunt
1878 595 2233 672 ostendere

703 693 1033 788 Eusebium
1057 695 1386 769 Arianum
1503 695 1613 769 iffe
1635 744 1655 775 ‚
1716 696 1871 768 cam
1901 719 2044 767 rem
2071 713 2235 768 tan-

704 792 856 864 ttnn
878 793 1105 866 obiter
1136 795 1501 892 attigerim.
1596 793 1910 866 Haeccine
1946 791 2042 864 est
2102 796 2230 865 Ca-

699 897 857 962 ritas
885 891 1230 985 Christiana
1253 941 1277 974 ,
1336 887 1473 989 qufi
1502 890 1691 963 invifi
1718 889 2095 963 redduntur
2122 889 2228 964 vi⁴

702 988 806 1070 vi,
853 1008 933 1061 ut
958 1009 1274 1086 parcatur
1297 989 1617 1070 mortuis3
1668 988 1920 1108 quibus
1947 1012 2076 1061 nec
2105 1010 2223 1062 ca-

704 1086 970 1157 lumniae
998 1133 1017 1166 ,
1065 1108 1191 1159 nec
1222 1086 1462 1160 veritas
1490 1087 1776 1183 amplius
1806 1110 2053 1160 nocere
2077 1082 2223 1183 pos·

698 1178 852 1254 sunt
870 1190 898 1252 ?
914 1184 1229 1258 Haeccine
1258 1183 1352 1255 est
1380 1187 1631 1256 Caritas
1659 1184 2001 1279 Chrg'stiana
2018 1177 2220 1279 ,quii²

697 1301 829 1374 pro
870 1281 1248 1377 aequiffimis
1282 1288 1351 1353 &
1378 1279 1886 1355 modestiffimis·
1907 1280 2212 1363 monitis,

696 1375 1006 1449 redditur
1025 1378 1392 1476 graviffima
1417 1377 1671 1453 invidia
1698 1387 1726 1452 Ρ
1788 1379 2038 1452 Parum
2065 1376 2216 1454 meai*

695 1472 961 1546 interest
975 1523 998 1558 ,
1044 1496 1131 1547 an
1162 1473 1458 1566 Eusebius
1487 1476 1778 1550 Arianus
1797 1472 1999 1550 fuerit
2016 1526 2041 1563 ‚
2057 1477 2218 1552 ne'c-

690 1590 812 1652 ne,
860 1573 983 1669 qui
1011 1596 1171 1645 cum
1199 1573 1470 1647 Arianis
1488 1573 1772 1647 minime
1801 1572 2052 1658 sentin,
2070 1573 2217 1649 im&

691 1690 814 1740 eos
846 1668 919 1740 in
957 1670 1147 1767 gravi
1184 1694 1409 1744 errore
1437 1668 1724 1745 versatos
1744 1668 2094 1755 existim03
2143 1680 2215 1745 δε

689 1766 815 1863 qui
840 1766 1048 1842 fidem
1080 1790 1305 1844 meam
1332 1792 1414 1842 ex
1438 1766 1590 1843 solis
1618 1768 1806 1843 Novi
1829 1768 2217 1847 Testme

691 1864 747 1936 ti
770 1866 1046 1940 Tabulis
1069 1868 1361 1968 pendere
1385 1867 1749 1965 profiteor,
1798 1891 1941 1940 non
1966 1891 2048 1940 ex
2067 1868 2214 1941 Eu-

663 1958 826 2052 sebii
851 1964 1216 2040 aliort'xmve
1246 1971 1521 2038 Patrum
1549 1965 1847 2062 SctiptiS.
1903 1965 2033 2040 Sed
2059 1967 2209 2040 exi-

683 2058 940 2136 stimavi
968 2060 1250 2135 minime
1271 2059 1395 2136 effe
1435 2062 1974 2158 diffimulandum
2007 2064 2206 2159 quod

682 2157 852 2230 mihi
894 2156 1317 2256 perspicuum
1351 2160 1705 2234 videbatur
1745 2212 1771 2247 ‚
1865 2177 1945 2234 ut
1973 2168 2040 2234 ἀ
2062 2161 2220 2238 aliis

684 2274 843 2327 ante
865 2280 976 2328 me
998 2259 1154 2333 viris
1183 2256 1591 2335 doffiffimis.
2197 2332 2202 2336 .

774 2358 1098 2426 Attamen
1123 2356 1261 2427 hoc
1290 2378 1517 2429 meum
1533 2407 1554 2440 ,
1601 2355 1689 2429 de
1707 2352 1991 2449 Eusebio,
2018 2356 2205 2452 judi-

682 2447 867 2522 cium
896 2500 918 2533 ,
969 2458 1037 2523 &
1064 2450 1272 2548 qubd
1308 2452 1695 2529 existimarit
1721 2456 1843 2531 Vir
1870 2454 2205 2534 Eruditus

675 2565 789 2619 me
804 2546 1225 2622 ‘subobscure
1261 2552 1692 2647 apertiffimas
1733 2552 2202 2632 diffimulatio-

677 2661 803 2717 nes
833 2642 977 2719 suas
1021 2647 1321 2745 carpfiffe
1350 2697 1372 2730 ‚
1436 2649 1531 2723 ita
1574 2651 1720 2740 ejus
1761 2652 1926 2724 iram
1961 2651 2037 2722 in
2082 2673 2202 2724 me

674 2763 1040 2819 moverunt
1066 2795 1086 2827 ,
1147 2764 1228 2818 ut
1249 2767 1484 2841 praeter
1513 2747 1724 2846 quam
1750 2747 1944 2846 qubd
1976 2770 2089 2820 me
2116 2772 2201 2822 ex

675 2841 876 2914 turba
902 2861 1014 2925 tot
1040 2842 1561 2918 adversariorum
1599 2846 1879 2959 delegit,
1894 2846 1966 2926 in
1983 2870 2195 2943 quem

675 2965 893 3012 unum
926 2944 1057 3016 tela
1085 2941 1447 3031 conjiceret
1465 2993 1487 3026 ‚
1512 2963 1708 3018 atrox
1735 2946 1916 3019 mico
1946 2943 2036 3017 ab
2066 2943 2218 3034 ini-3

671 3038 772 3110 tio
804 3038 1306 3115 Dissertationis
1327 3041 1659 3137 judicium
1683 3043 1942 3121 tulerit:
1985 3062 2193 3115 utrum

1227 3171 1230 3172 ⁷
2052 3166 2189 3214 cum
