2447 3651
731 221 823 305 852
1158 208 1223 279 E
1269 230 1309 280 P
1356 228 1385 295 ι
1436 228 1471 280 s
1514 227 1557 276 *r
1596 230 1644 277 o
1694 228 1742 279 L,
1779 229 1842 283 ιε
1909 232 1916 237 ·
1947 280 1956 286 ,

718 294 1078 406 pertinet*
1114 304 1206 376 O
1242 304 1566 415 insignem
1613 301 2051 400 aequitatem
2030 348 2056 395 ⁹.
2114 300 2259 402 qua

735 405 918 483 ctaffi
945 411 1009 476 &
1038 388 1363 477 manifesti
1383 425 1642 477 errores
1667 406 1989 485 Veterum
2280 425 2285 429 ’
2347 404 2354 411 ’

728 523 900 598 tur„
946 520 1066 574 aut
1088 499 1513 593 molliuntu13
1567 499 1734 571 dum
1763 484 2146 594 aequalium
2150 503 2256 574 vei

732 601 1033 686 minimae
1059 578 1479 681 dissensiones
1491 596 1900 672 acerbiffime
1915 598 2255 707 exagitan-

734 717 881 778 tur,
928 691 1360 791 hominesque
1385 696 1612 793 ipsiu
1538 714 1645 769 tur
1614 694 1912 780 riffimis
1940 693 2262 770 convitiis

732 784 1318 913 proscinduntur!
1338 794 1590 869 Omod
1681 792 1832 864 iam
1839 791 2255 888 singularem,

724 916 910 987 qua,
947 913 1072 986 pro
1105 890 1442 977 mitiffima
1477 898 1542 964 δι
1563 889 1900 983 justiflima
1930 889 2255 964 admoui-

728 991 944 1079 tione,
964 972 1453 1073 invidiosiffima
1464 986 1786 1063 haeteseon
1800 990 2089 1063 nomina
2103 987 2250 1065 red-

728 1088 1036 1185 duntur
1021 1083 1034 1131 ¹
1132 1130 1136 1137 ·
1801 1144 1808 1151 .

658 1240 745 1257 ..
829 1183 959 1256 Sed
1006 1204 1333 1268 manum,
1400 1181 2083 1265 Ῑιιυετιιιεει
2119 1209 2251 1257 Mn

731 1282 785 1354 P
819 1308 860 1352 R
890 1307 951 1353 ιε
985 1303 1017 1352 s
1055 1306 1098 1353 u
1120 1307 1205 1363 ι,
1253 1281 1337 1353 de
1363 1278 1589 1353 tabula
1616 1283 1911 1367 t0110‚-ut
1935 1280 2095 1353 Tibi
2117 1306 2244 1379 po·

722 1374 899 1458 tius,
949 1375 1212 1473 aliisque
1244 1377 1519 1461 eruditis
1537 1398 1620 1451 ac
1651 1377 1853 1455 bonis
1873 1376 2071 1460 viris,
2093 1380 2242 1477 qui-

724 1475 852 1569 bus
878 1476 1175 1548 Ecclefiae
1211 1475 1593 1573 Anglicanae
1633 1475 1872 1555 clerus
1897 1475 2242 1559 abundat,

716 1596 857 1645 tem
874 1591 1092 1646 totam
1106 1569 1605 1669 disceptandam
1629 1595 1715 1646 ac
1740 1573 2240 1685 dijudicandam

720 1670 1130 1766 permittam.
1226 1678 1393 1766 Qo
1430 1670 1501 1743 in
1529 1673 1848 1766 negotio,
1894 1672 1943 1745 fi
1984 1671 2239 1762 judicia

716 1767 922 1843 vestra
944 1764 1238 1856 faventia
1252 1767 1557 1844 habuero
1572 1816 1598 1853 ,
1614 1785 1688 1840 ut
1713 1750 1943 1867 spero,
1965 1768 2098 1845 erit
2114 1794 2239 1848 cut

714 1866 1004 1942 Veritati
1031 1875 1098 1939 &
1124 1867 1294 1940 mihi
1299 1870 1638 1965 gratuler,
1667 1866 1766 1952 fin
1779 1868 2043 1953 veros
2078 1868 2234 1952 mezi

710 1951 1027 2056 excidero
1041 2013 1064 2047 ,
1085 1951 1181 2038 ob
1214 1967 1513 2048 tationes
1526 1987 1699 2063 quas
1718 1989 1860 2039 non
1876 1991 1918 2041 a
1969 1941 2233 2082 equor,

709 2058 897 2138 causa
922 2083 1145 2134 tamen
1165 2064 1357 2150 nulla
1402 2062 1526 2139 erit
1555 2087 1675 2146 cut
1706 2064 1817 2140 me
1856 2063 1986 2146 mei
2008 2067 2236 2161 poem}

705 2180 849 2242 teat
887 2159 1256 2244 instituti,
1275 2160 1394 2257 qui
1433 2160 1696 2233 Deum
1708 2160 1938 2238 testem
1979 2186 2225 2244 vocare

703 2258 972 2356 possum
999 2282 1123 2331 me
1133 2254 1380 2333 favoris
1409 2265 1478 2331 &
1504 2256 1652 2341 odii
1670 2307 1698 2343 ,
1739 2260 1810 2331 in
1843 2261 1979 2336 hoc
2004 2283 2240 2359 nego-

707 2357 811 2446 tio
825 2403 849 2444 ,
892 2353 1165 2467 prorsus
1181 2379 1469 2442 vacuum
1496 2356 1659 2440 nihil
1685 2373 1941 2453 praeter
1961 2355 2232 2433 sanetis-

703 2433 932 2542 simam
958 2453 1104 2544 ejus
1114 2451 1482 2587 quaesivisse
1507 2454 1892 2532 Veritatem.
1940 2458 2128 2532 Vale.
2227 2501 2233 2507 ·

740 2622 1075 2734 Dabam
1095 2645 1594 2733 Amstelodami
1626 2631 1860 2734 Nonis
1887 2653 2125 2751 Julii&

1054 2821 1059 2828 ,
1136 2769 1329 2829 cio
1349 2771 1848 2828 loc-xcut...
1909 2791 1924 2796 -

1776 3085 2230 3238 Iamno}
2328 3250 2335 3256 .
