2447 3651
736 190 896 285 ἰῇ
1202 183 1894 261 Enni-oin·

752 295 833 362 cit
895 286 1090 358 Ratio
1148 289 1416 357 omnium
1465 277 1842 376 diviniffima
1884 275 2263 381 conspicuum}

758 392 992 478 Qem
1030 379 1211 476 Λέγω
1234 387 1320 453 δε
1368 377 1676 475 Λογσμδυ
1725 377 1837 451 hic
1861 388 2067 454 vocat
2093 385 2264 456 Plato

763 480 1179 560 recentiores
1199 477 1537 553 Platonici
1566 474 1777 550 solent
1809 474 2020 550 etiam
2045 501 2268 554 vocare

765 588 901 655 Νέν
923 625 945 661 ,
970 597 1229 650 mentem
1243 624 1264 656 ,
1287 574 1451 673 quia
1471 571 1703 669 My&
1735 569 2165 648 substantiam
2179 597 2271 650 ra·

764 675 1212 750 tiocinantem
1243 670 1433 746 sonat
1451 720 1475 755 ,
1519 668 1628 743 seu
1657 683 1976 746 mentem.
2069 674 2269 758 Vide,

766 774 818 847 fi
833 791 1051 854 vacat,
1069 773 1377 844 Plotinum
1390 767 1690 843 Ennead.
1709 773 1794 841 V.
1817 768 1963 842 Lib.
1982 769 2039 842 1.
2060 765 2272 871 Capp.

769 895 804 965 3
839 877 909 942 δι
936 898 1001 964 4.
1023 869 1145 944 Ait
1157 868 1338 944 Plato
1350 872 1650 941 Mentem
1681 865 1856 941 hanc
1869 863 1996 941 effe
2012 871 2274 940 omnium

763 966 1205 1065 divinifflmam
1220 1016 1245 1051 ,
1290 967 1453 1063 quia
1472 964 1633 1038 alias
1643 962 1925 1038 Mentes
1948 961 2053 1038 sen
2077 964 2275 1059 Ao'yxc

761 1062 889 1139 effe
918 1065 1208 1162 putabat
1232 1114 1256 1149 ,
1301 1060 1651 1136 inferiores
1677 1060 1894 1136 Deos,
1985 1064 2157 1135 Non
2172 1063 2277 1136 ad-

767 1162 929 1237 dam
954 1187 1101 1260 quae
1122 1161 1330 1236 habet
1355 1160 1444 1233 de
1473 1159 1627 1232 Idea
1636 1159 1863 1256 ,quod
1887 1156 1981 1231 est
2003 1162 2273 1234 alterum

769 1280 1028 1333 nomen
1048 1260 1092 1338 Ξ
1122 1257 1330 1353 Λέγε,
1364 1258 1527 1354 quia
1549 1279 1756 1331 nemo
1793 1278 1979 1329 nunc
2007 1255 2276 1333 somnia·

766 1357 859 1430 rit
883 1356 1076 1453 quod
1106 1355 1192 1429 de
1230 1356 1385 1426 Idea
1434 1350 1684 1451 scripsit
1714 1354 1895 1426 Plato
1933 1351 2009 1426 id
2032 1378 2118 1427 ex
2144 1361 2277 1429 Ve-¹

763 1472 909 1526 tere
950 1450 1386 1526 Testamento
1426 1448 1549 1524 effe
1607 1446 2013 1526 desumtum.
2110 1453 2272 1538 Adi,

764 1550 815 1622 fi
843 1569 1036 1624 vacat
1053 1599 1077 1634 ‚
1122 1572 1271 1647 quae
1298 1550 1426 1623 hac
1451 1547 1542 1623 de
1574 1573 1648 1623 re
1674 1548 1954 1646 praefixit
1982 1550 2273 1623 Serranus

763 1650 1126 1720 Parmenidi
1139 1657 1204 1721 &
1220 1642 1369 1721 Lib.
1392 1648 1602 1721 VLAe
1618 1648 1952 1758 Republica
1960 1647 2106 1733 ,ubi
2116 1670 2277 1747 pau·

766 1745 867 1820 cis
900 1764 1200 1819 mentem
1234 1748 1514 1818 Platonis
1541 1749 1855 1842 explicat.

793 1882 802 1887 ·
860 1845 1291 1937 Quaefiverim
1330 1861 1510 1917 nunc
1551 1840 1592 1917 d
1638 1843 2012 1941 Theologis
2055 1844 2274 1943 paullo

760 1942 1337 2025 accuratioribuS,
1366 1961 1457 2014 an
1480 1958 1834 2040 propterea
1860 1943 2065 2039 poffit
2107 1943 2279 2016 Plato

762 2037 1007 2115 censeri
1048 2036 1418 2113 desumfiffe
1455 2062 1605 2135 quae
1642 2039 1852 2115 habet
1881 2039 1971 2113 de
2004 2041 2272 2114 Ratione

760 2156 883 2212 aut
928 2139 1152 2211 Mente
1187 2160 1270 2211 ex
1298 2136 1674 2235 Scriptum
1733 2137 2099 2211 dumtaxat
2121 2137 2278 2236 quia

759 2233 1002 2309 Moses
1018 2282 1041 2317 ‚
1091 2239 1161 2308 &
1193 2235 1303 2310 alii
1334 2236 1708 2333 Scriptores
1733 2235 1917 2310 Sacri
1946 2232 2283 2308 inducunt

758 2332 992 2407 Deum
1026 2332 1264 2405 omnia
1304 2331 1663 2408 facientem
1701 2332 1837 2429 213⁵*
1867 2332 2038 2427 λέγε
2074 2379 2097 2414 ,
2142 2332 2277 2406 hoc

757 2429 853 2504 est
882 2478 904 2513 ‚
961 2429 1266 2525 ρήμυιτρ·
1283 2478 1308 2514 ,
1340 2448 1456 2526 per
1484 2433 1736 2504 verbum
1750 2480 1772 2514 ,
1796 2448 1879 2504 ut
1904 2426 2278 2504 describant

757 2527 1123 2601 mximam
1150 2531 1295 2617 ejus
1323 2527 1741 2623 potentiam,
1788 2536 1858 2601 &
1875 2527 2275 2626 spiritualem

752 2624 1005 2721 agendi
1047 2624 1387 2726 rationem
1417 2674 1443 2719 ‚
1503 2643 1713 2722 quam
1749 2628 1940 2699 vocis
1994 2625 2276 2721 imperio

835 3155 840 3160 “
1376 3161 1397 3172 ·“
1463 3175 1472 3184 ·
1884 3139 1917 3169 ·’
2151 3136 2265 3214 Μ’.
