2447 3651
735 255 870 331 124
1155 240 1218 316 E
1267 267 1306 316 ι»
1352 267 1381 314 1
1430 268 1465 319 s
1509 268 1560 316 ‘r
1593 270 1652 318 ο
1701 269 1740 318 ι
1786 272 1849 318 AE

723 339 1014 441 ideoque
1047 338 1088 414 a
1115 341 1628 416 Recentioribus
1664 347 1848 441 plura
1873 342 2027 437 jure
2051 347 2231 447 exigi

720 438 910 538 poffe
944 489 965 521 ‚
1012 438 1223 533 quim
1253 438 1293 509 a
1318 441 1706 513 Veteribus.

812 536 1026 637 Atqui
1067 559 1152 608 ex
1196 535 1324 609 hac
1363 537 1914 627 objeffione2.non
1942 537 2230 617 obscure

716 637 932 733 liquet
970 648 1090 708 eo's
1116 682 1158 717 -,
1253 633 1373 729 qui
1398 636 1580 706 όοᾶἰ
1601 635 1783 730 apud
1808 641 2087 709 Veteres
2111 639 2229 712 di-

716 751 996 821 cuntur,
1037 753 1179 802 non
1217 730 1341 803 ess'e
1369 731 1877 827 aequiparandos
1903 733 2019 813 iis,
2065 736 2224 833 qui-

713 830 843 902 bus
866 829 1044 902 idem
1078 829 1410 924 elogium,
1460 830 1593 900 hoc
1618 827 1844 901 nostro
1868 848 2221 928 tempore,

712 928 958 1001 merito
990 924 1341 1005 tribuitur3
1388 947 1471 996 ex
1493 948 1640 1021 quo
1654 924 2060 1022 consequens
2085 930 2214 1013 est,

709 1042 787 1096 ut
831 1022 1230 1101 eruditionis
1266 1020 1483 1094 saltem
1521 1018 1724 1095 causa
1766 1024 1973 1118 pluris
1996 1019 2218 1100 facia-

706 1143 862 1195 mus
891 1172 911 1203 ‚
969 1117 1304 1219 magisque
1327 1140 1743 1192 revereamur
1768 1118 1969 1192 nostri
2001 1119 2219 1196 saeculi

706 1218 1078 1316 Scriptores
1106 1265 1128 1299 ,
1173 1213 1378 1312 quam
1416 1221 1738 1311 antiquos
1766 1264 1786 1295 .
1832 1216 1879 1287 fi
1907 1219 2211 1293 eruditio

705 1315 1181 1388 Recentiorum
1225 1312 1444 1383 multo
1480 1317 1696 1400 major
1718 1314 1798 1386 fit
1827 1313 2030 1409 quam
2055 1316 2211 1389 Pri-⁶

702 1413 981 1487 scotum.
1088 1407 1434 1481 Possumus
1501 1410 1769 1483 laudare
1829 1411 2211 1487 doctrinam

700 1514 1023 1582 Veterum
1065 1554 1088 1587 ‚
1184 1506 1234 1578 fi
1256 1507 1347 1578 ita
1367 1507 1573 1579 libeat
1596 1555 1619 1589 ,
1668 1526 1744 1579 at
1765 1530 1890 1604 pro
1912 1507 2210 1584 modulo

700 1607 878 1680 illius
908 1607 1025 1678 aevi
1048 1650 1072 1685 ‚
1119 1626 1261 1675 non
1293 1606 1390 1676 ita
1417 1623 1493 1675 ut
1517 1607 1798 1676 multum
1829 1608 2208 1680 Recentio-

697 1727 853 1777 rum
875 1701 1245 1775 eruditioni
1274 1697 1654 1796 praeferatur
1677 1749 1698 1778 ‚
1795 1704 2208 1778 uemadmo-

692 1801 864 1875 'dum
888 1800 1051 1873 solet
1075 1796 1117 1873 ὲ
1139 1798 1363 1872 multis
1384 1796 1546 1872 fieri.
1618 1799 1719 1871 Po
1770 1824 1963 1874 umus
1985 1801 2207 1902 igno-

692 1900 870 1975 scere
912 1896 1191 1970 delee'tui
1228 1920 1448 1969 rerum
1491 1918 1728 1991 parum
1754 1896 1978 1973 severo
2004 1949 2028 1983 ‚
2084 1924 2207 1976 ra-

692 1994 1258 2070 tiocinationibus
1321 1994 1542 2066 minus
1599 1993 1808 2067 firmis
1850 2042 1873 2075 ‚
1961 1998 2207 2076 ordini

693 2089 1098 2175 confufiori,
1141 2090 1311 2188 stylo
1328 2114 1470 2163 non
1495 2090 2010 2190 sariscastigato‚
2062 2118 2204 2171 nec

688 2188 1076 2292 perspicu03
1123 2207 1194 2260 at
1223 2187 1359 2260 haec
1375 2186 1673 2284 ptaeferre
1695 2188 1808 2271 iis,
1852 2211 2002 2285 quae
2022 2213 2201 2264 con-

688 2288 910 2362 trariis
955 2285 1363 2359 ornamentis
1390 2286 1687 2384 ingenii,
1736 2285 2002 2374 judicii,
2050 2292 2200 2362 eloa-

687 2384 977 2485 quentiae
1003 2383 1277 2482 praedita
1302 2380 1449 2453 sunt
1492 2430 1516 2465 ‚
1606 2383 1880 2474 minime
1906 2379 2196 2459 sustine-

689 2498 863 2558 mus.
1315 2495 1326 2508 ·

575 2636 581 2642 .
781 2576 1033 2652 Eadem
1072 2597 1258 2650 nunc
1293 2575 1710 2649 concertatio
1753 2577 1849 2651 est
1891 2628 1914 2661 ‚
2011 2579 2194 2656 inter

687 2675 1009 2753 Eruditos
1032 2721 1055 2754 ‚
1096 2673 1184 2744 de
1209 2674 1569 2748 reverentia
1594 2676 1955 2749 Veteribus
1983 2676 2191 2749 debi-

685 2795 791 2855 ta,
848 2771 1220 2865 eorumque
1256 2771 1610 2844 collatione
1637 2793 1791 2844 cum
1819 2775 2196 2848 Recentio-

684 2873 912 2952 ribus,
957 2892 1104 2965 quae
1135 2865 1269 2939 fuit
1301 2868 1462 2939 olim
1488 2871 1717 2941 Romae
1748 2918 1771 2952 ,
1818 2889 2013 2942 aetate
2040 2874 2190 2943 Au-

680 2967 888 3068 gusti,
934 2964 1020 3038 de
1046 2964 1269 3039 Poetis
1295 2966 1589 3063 antiquis
1611 2973 1677 3037 &
1695 2968 1910 3041 novis.
1960 2969 2187 3043 Erant

676 3066 806 3168 qui
847 3062 1113 3141 nonnisi
1147 3063 1428 3163 antiqua
1452 3064 1849 3168 mirarentur
1871 3114 1896 3151 ‚
1944 3073 2012 3139 δι
2036 3067 2191 3238 (ἐνὶ.

812 3191 815 3194 ’
2101 3186 2190 3238 us
