2447 3651
476 193 890 289 ijmcffi
942 198 1071 268 &c.
1118 195 1314 291 Eptst.
1343 198 1441 268 11.
1648 208 1735 291 69

210 319 347 370 cum
386 293 569 388 nostri
601 292 886 421 tef’nporis
906 292 1198 371 Arianis,
1248 295 1355 366 vel
1365 286 1567 389 potiics
1581 297 1744 367 Pho-

211 399 478 466 tinianis
493 386 660 484 facit
691 437 713 470 ‚
775 391 927 458 mihi
965 389 1042 483 est
1081 392 1538 486 inexploratum.
1638 396 1745 466 Ut

216 492 358 564 hoc
383 486 709 584 judicium
740 508 884 556 non
917 486 1190 579 penitus
1216 485 1567 560 ridiculum
1610 487 1738 563 effe

212 583 762 683 deprehendatur
801 633 821 663 ,
891 602 1241 678 oporteret
1262 609 1373 656 me
1408 585 1498 658 fic
1546 589 1733 682 loqui

221 681 457 763 solere,
505 680 974 777 utintelligere
1024 705 1228 755 nemo
1266 681 1485 778 poffet
1509 703 1737 760 utrum

224 781 527 863 Arianis,
576 802 664 852 an
689 775 848 850 vero
873 778 1296 852 Photinianis
1325 777 1614 863 faveam,
1630 780 1738 857 sed

216 880 306 952 ita
347 896 429 950 ut
495 875 828 950 alterutris
894 875 1261 950 nece'ffario
1303 881 1739 973 ,patrocinem

221 1000 379 1051 nam
412 975 461 1047 fi
488 976 626 1047 ho'c
653 976 848 1048 vellet
875 975 1160 1056 Caveat,
1207 976 1457 1047 nullum
1482 976 1601 1049 fibi
1629 1000 1743 1050 ar-

221 1090 638 1172 gumentum
664 1069 823 1153 esse,
875 1095 956 1141 ex
982 1095 1125 1167 quo
1151 1073 1495 1167 colligeret
1519 1123 1538 1154 ,
1634 1100 1744 1150 me

220 1166 385 1246 eum
419 1168 682 1243 Arianis
709 1189 828 1241 aut
861 1169 1288 1245 Photinianis
1314 1166 1560 1252 facere,
1593 1190 1741 1247 tum

218 1269 388 1345 vero
415 1290 525 1342 me
544 1267 629 1340 ab
665 1265 986 1356 ejusmodi
1017 1266 1483 1342 criminatione
1527 1268 1745 1342 absol-

218 1383 431 1442 veret.
482 1372 806 1457 Qaenam
834 1381 1064 1437 autem
1111 1362 1256 1438 sunt
1279 1368 1463 1449 loca,
1496 1368 1563 1439 in
1594 1369 1746 1464 qui·

227 1465 358 1537 bus
392 1464 489 1535 ita
530 1464 859 1559 loquutus
896 1457 1036 1534 sum
1073 1511 1092 1542 ,
1139 1483 1214 1535 ut
1240 1460 1488 1536 neceffe
1519 1465 1598 1537 fit
1630 1493 1744 1542 me

217 1559 497 1637 voluiss‘e
521 1561 785 1633 Arianis
812 1610 834 1643 ‚
890 1577 1010 1630 aut
1042 1559 1462 1634 Photinianis
1489 1564 1749 1657 gratifi-

224 1661 398 1734 cati?
446 1661 669 1732 Nulla.
764 1656 1108 1750 Nusquam
1129 1660 1411 1753 quidem
1438 1661 1745 1735 illisinvi-

226 1758 412 1831 diam
432 1752 696 1839 facere,
745 1753 956 1852 spreta
997 1755 1272 1831 veritate
1312 1777 1516 1853 atque
1548 1761 1748 1853 aequi-

230 1876 373 1932 tate
403 1904 425 1939 ,
472 1869 766 1948 conatus
788 1851 930 1930 sum
960 1877 981 1932 3
1040 1848 1149 1924 sed
1183 1851 1503 1948 nusquam
1542 1857 1774 1944 etiam,

228 1954 294 2026 in
323 1977 566 2027 eorum
591 1949 871 2048 gratiam
917 1948 1291 2049 quidquam
1322 1951 1747 2039 diffimulavi‚

227 2050 426 2149 quod
457 2051 530 2121 in
561 2049 645 2121 iis
671 2046 1066 2141 reprehendi
1090 2045 1325 2144 poffet.
1423 2050 1611 2121 Nihil
1661 2051 1749 2122 de

223 2151 351 2223 inis
381 2171 624 2221 eorum
652 2144 1082 2222 infenfiffimis
1118 2143 1499 2220 adversariis
1526 2196 1546 2225 ‚
1594 2146 1751 2223 fim-

225 2247 499 2345 pliciter
523 2242 1044 2323 affirmantibus,
1065 2243 1470 2318 credendum
1495 2244 1713 2317 censui
1726 2272 1749 2327 3

226 2344 335 2420 sed
362 2368 497 2416 nec
525 2340 872 2417 Haereticis
919 2344 1067 2417 ullis
1103 2338 1312 2414 fidem
1341 2341 1589 2424 habui,
1639 2344 1758 2415 ad·

228 2439 524 2520 versariis
557 2440 1097 2514 detrahentibus.
1196 2438 1417 2516 Solius
1462 2441 1759 2517 veritatis

228 2541 575 2618 rationem
623 2536 1002 2612 habendam
1035 2534 1354 2613 censui&
1388 2536 1758 2619 etiamnum

233 2635 473 2712 censeo
501 2685 525 2719 ,
591 2634 858 2723 abjek'co
901 2635 1092 2712 omni
1152 2634 1446 2730 partium
1503 2635 1757 2716 studim

235 2736 433 2832 quod
473 2733 521 2805 fi
573 2731 654 2805 fit
678 2730 892 2824 facere
933 2758 1069 2805 cum
1116 2732 1459 2804 Haereticis
1490 2780 1513 2816 ‚
1556 2732 1792 2823 saciat-

236 2839 486 2905 Caveus
516 2854 679 2902 cum
699 2831 1092 2912 Orthodoxis,
1119 2828 1475 2908 contrariis
1490 2829 1765 2908 artibus.¹

233 2932 323 3004 Ei
354 2950 792 3027 nequaquam
818 2926 1162 2999 invidebo.
1785 3005 1801 3012 ,-

327 3030 653 3110 Praeterea
683 3035 889 3098 nemo
929 3024 1130 3123 poffit
1155 3021 1255 3096 ita
1297 3020 1493 3120 loqui
1517 3039 1593 3114 ut
1629 3042 1771 3193 agn-.-

1045 3123 1102 3195 E
1154 3141 1187 3212 3
1406 3123 1420 3139 ²
1707 3117 1770 3225 i:-
