2447 3651
732 245 829 338 64
970 332 973 335 Α
1110 240 1169 313 E
1216 265 1256 312 Ρ
1302 263 1329 311 1
1382 261 1417 311 s
1460 262 1504 312 τ
1547 264 1596 313 o
1646 262 1686 313 ι
1734 263 1797 310 AE

722 341 882 431 gnia
902 336 1010 412 illa
1034 337 1276 432 Eusebia·
1302 341 1488 421 loca,
1535 362 1678 433 quae
1705 336 1987 410 recitata
2032 331 2238 421 santi

694 433 844 527 'qui
886 433 1177 509 sciebant
1228 434 1384 507 ante
1422 435 1462 506 εὶ
1495 434 1697 508 nobis
1731 456 2230 507 commemora-

721 550 796 605 ta
822 581 847 614 ‚
879 533 1312 631 legerantque
1368 529 1615 623 Eufi’bii
1660 531 1935 625 Script'a.
2012 530 2227 602 Senfit

719 629 857 700 hoc
870 632 1116 725 partim
1141 632 1240 709 vir
1262 629 1589 708 summus,
1619 625 2059 725 quamobrem
2077 625 2231 699 sub-

715 725 893 814 jicit:
938 727 1258 819 Proftrunt
1275 730 1511 826 quidem
1532 728 1659 799 loca
1679 725 1956 826 quadam
1977 751 2055 796 ex
2088 727 2228 799 Eu·-

700 820 897 915 sebio,
943 829 1158 921 quibus
1176 826 1501 919 approbent
1530 827 1693 896 inum
1718 824 1954 894 Ariano
1985 824 2229 915 dogma·

721 928 775 990 ti
808 921 1113 1016 adhaefiffe.
1203 929 1372 991 Sunt
1432 924 1584 993 loca
1651 920 1931 1013 minime
1985 918 2229 1003 dubia,

724 1023 795 1087 δι
819 1040 967 1112 qua:
1003 1041 1155 1091 cum
1184 1016 1477 1089 Nicaenis
1524 1017 1811 1089 decretis
1852 1016 1919 1087 in
1947 1038 2230 1088 concor·

723 1111 909 1186 diam
934 1112 1111 1187 null&
1132 1114 1393 1186 ratione
1435 1113 1645 1211 redigi
1680 1112 1950 1211 poss'unr
1980 1138 2000 1194 3
2066 1130 2231 1198 nec,

727 1230 809 1282 ut
847 1212 1212 1303 objeffioni
1256 1236 1337 1284 ex
1386 1209 1638 1303 Euftbio
1689 1212 1913 1309 petitae
1950 1207 2230 1282 satisfie-

728 1325 834 1379 ret
865 1359 888 1391 ,
953 1332 1130 1405 opus
1168 1306 1296 1381 fuit
1333 1308 1564 1381 omnia
1600 1307 1746 1399 ejus
1768 1309 2033 1403 Scripta
2065 1309 2226 1405 legi.

726 1406 855 1476 Sed
877 1408 1107 1478 nullum
1133 1457 1154 1488 ,
1215 1405 1437 1500 inquit
1493 1408 1757 1500 Wzlefius
1803 1454 1825 1489 ,
1921 1401 2234 1496 discrimen

726 1503 1015 1575 adhibent
1037 1552 1057 1584 ,
1111 1513 1268 1576 inter
1286 1505 1470 1574 libros
1494 1524 1636 1576 ante
1661 1506 1984 1576 Concilium
2012 1502 2234 1574 Νίσα-

725 1622 911 1683 num,
967 1602 1051 1682 &³
1075 1628 1167 1671 eos
1188 1606 1295 1699 qui
1311 1601 1438 1696 post
1464 1602 1620 1671 illud
1641 1603 1965 1673 Concilium
1968 1596 2120 1691 sunt
2156 1602 2236 1671 ab

602 1767 617 1778 ,
728 1697 976 1789 Eusebio
1014 1699 1301 1769 elaborati
1339 1726 1362 1776 ‚·
1428 1699 1588 1794 quod
1609 1720 1808 1769 tamen
1821 1698 1971 1795 fieri
1999 1699 2238 1770 omnim

724 1796 1045 1878 debuerat,
1090 1816 1157 1868 ut
1183 1796 1257 1866 de
1283 1791 1520 1886 Eusebii
1528 1796 1664 1894 fide
1688 1816 1913 1868 certum
1942 1821 2016 1867 ac
2045 1795 2238 1890 legiti-

728 1906 898 1965 mum
907 1895 1212 1988 judicium
1222 1914 1613 1990 promeretur.
1645 1898 2052 1997 ‚Quare-umque
2071 1899 2237 1964 enim

726 2013 876 2063 ame
910 1994 1236 2063 ·Nicaenam
1266 1990 1561 2081 Synodum
1563 1987 1792 2092 scripta
1801 1987 1950 2082 sunt
1978 1984 2239 2079 Eusebio

725 2092 896 2183 objici
920 2093 1004 2169 <9'
1025 2095 1317 2185 imputari
1357 2113 1472 2159 non
1507 2090 1730 2161 debent.
1825 2087 2089 2161 Fallitur
2131 2087 2236 2160 vit

727 2186 1318 2281 doffiffimus‚quia
1330 2183 1640 2269 Eulbbius,
1658 2205 1738 2259 ut
1761 2184 2044 2268 ostendi,
2058 2206 2237 2259 con-

728 2282 978 2358 stanter
1004 2283 1273 2379 negavit
1293 2284 1354 2355 se
1375 2282 1554 2356 aliud
1581 2281 1825 2357 senfiffe
1865 2333 1889 2366 ,
1923 2304 2080 2356 ante
2106 2287 2235 2380 Sy-

726 2380 990 2451 nodum
1014 2427 1036 2459 ‚
1091 2378 1273 2453 aliud
1310 2377 1461 2474 post
1480 2379 1742 2453 editum
1767 2381 1915 2471 ejus
1937 2379 2233 2479 Symbo-

725 2479 898 2558 lum3
945 2476 1138 2571 quod
1163 2495 1388 2548 tamen
1412 2475 1638 2550 statuit
1660 2480 1937 2576 Valestus.
2011 2478 2232 2550 Dein-

692 2574 812 2664 de
849 2574 1158 2670 quamvis
1198 2572 1487 2668 Epistola
1527 2623 1551 2657 ,
1643 2576 1733 2650 ad
1774 2578 2231 2649 Alexandrum

723 2670 1135 2745 Alexandriae
1159 2668 1568 2766 Episcopum
1595 2721 1617 2753 ‚
1677 2671 1910 2770 scripta
1959 2672 2046 2744 fit
2068 2691 2229 2746 ante

725 2769 1073 2865 Synodnm
1102 2818 1124 2851 ‚
1183 2771 1370 2839 nullo
1424 2769 1681 2854 indicio
1708 2771 1970 2844 constat
2003 2789 2227 2845 cetera

720 2869 874 2939 loca
914 2868 1318 2962 deprompta
1365 2887 1506 2938 uon
1546 2866 1672 2941 effe
1706 2892 1788 2942 cx
1825 2869 2043 2943 Libris
2070 2865 2225 2970 post

723 2965 1065 3061 synodum
1100 2963 1373 3057 scriptis.

813 3066 973 3138 Haec
1015 3065 1285 3159 integra
1326 3059 1622 3161 proferre
1658 3070 1728 3139 &
1774 3083 2016 3141 contra
2043 3063 2225 3137 Vale·-

2057 3163 2228 3259 stum
