2447 3651
478 237 872 312 Cu‘rrcAE
897 242 1045 311 ·&c.
1075 236 1285 334 Epzfi
1303 245 1385 313 V.
1579 244 1715 332 183‘

227 333 624 419 Christianae,
654 330 1327 432 quam'conculcanu
1377 324 1707 431 suspican-

226 450 334 504 tur
352 455 492 504 non
513 431 764 506 causam
781 434 889 529 agi
906 433 1189 514 Christi,
1226 430 1334 507 sed
1356 433 1701 514 vitiorum,

227 551 353 601 nec
397 526 634 625 semper
670 528 1007 602 falluntur.
1334 576 1345 593 -.
1552 614 1556 618 ,
1696 546 1697 551 ’

318 627 411 698 At
432 626 595 698 hisce
622 627 961 719 objiciunt
982 627 1321 720 nonnulli,
1350 623 1704 723 apertfiilffi

219 728 289 791 δε
319 722 521 818 rigidzi
545 722 937 820 profeffione
964 726 1156 804 Veri,
1183 725 1469 799 ludibrio
1492 746 1704 820 expo-

222 818 292 889 ni
330 820 593 892 Sacrum
626 821 955 908 Ordinem
986 870 1008 902 ,
1067 823 1211 910 ejus
1236 821 1699 894 auetoritatem

220 915 490 1001 collabi,
533 917 1106 1013 reverentiamque
1131 919 1229 990 *eit
1246 919 1543 989 debitam
1575 942 1699 990 ex·-

213 1008 462 1109 stingni.
552 1011 809 1088 Verhm
846 1015 1044 1086 rideri
1083 1038 1225 1085 non
1258 1014 1472 1110 potest
1496 1015 1697 1088 Ordo

215 1110 634 1191 reverendus,
648 1130 926 1207 propter
946 1111 1109 1183 vitia
1134 1129 1257 1184 aut
1273 1111 1503 1184 defleta
1527 1135 1696 1186 non-

216 1208 538 1279 nullorum
563 1234 585 1289 3
649 1211 860 1305 magis
902 1207 1109 1307 qudm
1162 1207 1343 1304 regia
1369 1207 1698 1304 dignitas,

213 1303 371 1396 quia
411 1303 609 1377 libere
654 1323 969 1378 notantur
1010 1305 1172 1377 vitia
1210 1313 1277 1380 &
1302 1327 1507 1399 prava
1534 1301 1701 1377 faci-

208 1419 373 1472 nora
394 1398 761 1496 priscorum
800 1405 1085 1498 Regum.
1195 1401 1696 1500 Distinguendae

203 1491 348 1568 sunt
372 1500 736 1583 auetoritas
777 1506 841 1569 &
870 1499 1165 1594 dignitas
1194 1500 1529 1571 reverendi
1555 1501 1695 1581 Or?

204 1591 401 1674 dinis,
421 1620 565 1690 quae
579 1597 986 1668 intemeratae
997 1592 1251 1691 semper
1267 1593 1395 1668 effe
1415 1596 1695 1678 debent,

204 1711 648 1790 quaecumque'
667 1691 795 1764 sint
826 1691 1232 1788 fingulorum
1264 1711 1538 1789 peccata
1572 1712 1693 1764 aut

203 1783 744 1865 hallucinationes
754 1815 774 1870 3
811 1788 898 1863 ab
918 1787 1436 1871 existimatione,
1485 1786 1695 1861 famal-

202 1905 329 1978 que
356 1884 859 1984 uniuscujusque
886 1935 908 1969 ‚
970 1910 1118 1983 quae
1147 1887 1341 1958 bonae
1376 1883 1501 1958 effe
1549 1908 1689 1956 non

198 1981 491 2075 possunt,
535 1984 665 2058 nisi
687 1985 1069 2065 bonorum,
1118 1990 1191 2054 δι·
1230 1983 1694 2065 eruditorum,

195 2081 363 2173 apud
376 2085 671 2178 populos
681 2081 803 2177 qui
819 2077 1032 2151 sciunt
1044 2080 1213 2175 quid
1235 2081 1448 2152 virtus
1460 2128 1479 2159 ‚
1495 2076 1691 2174 quid-

195 2198 269 2247 ve
301 2180 600 2253 eruditio
630 2179 727 2250 fit.
826 2182 934 2248 Ut
968 2173 1132 2249 verb
1170 2177 1362 2272 quod
1388 2177 1484 2248 *de
1513 2199 1690 2246 non·-

195 2275 380 2348 nuilis
397 2274 640 2350 minas
663 2275 867 2348 bonis
881 2274 1129 2346 dicitur
1145 2274 1540 2375 dignitatem
1560 2274 1690 2343 Or-

196 2368 364 2444 dinis
399 2396 543 2444 non
587 2371 836 2445 minuit
871 2401 890 2443 ε
967 2371 1078 2444 fic*
1101 2394 1228 2444 nec
1287 2368 1688 2451 reverentia,

194 2490 334 2559 quae
376 2467 634 2545 Ordini
659 2470 982 2551 debetur,
1026 2471 1247 2542 velum
1274 2465 1396 2539 ess'e
1429 2466 1686 2565 potest,

191 2587 328 2659 quo
363 2565 776 2663 singulorum
818 2585 1096 2661 peccata
1119 2584 1448 2663 tegantur.
1497 2563 1691 2637 Alio·-

192 2662 436 2754 quires
463 2665 769 2736 omnium
810 2662 1192 2736 sanfflffima
1217 2662 1526 2758 siparium
1574 2662 1692 2735 ha·

193 2756 459 2832 beretur
483 2807 505 2839 ‚
565 2786 711 2855 quo
755 2760 1064 2832 homines
1099 2760 1260 2832 teffi
1299 2761 1439 2850 ju'ra
1461 2759 1688 2831 divina
1724 2780 1731 2787 ·

188 2871 392 2946 atque
415 2854 709 2931 humana
736 2858 1013 2952 impune
1033 2855 1291 2928 violare
1300 2853 1687 2951 potuiffent3

189 2949 380 3044 quod
405 2949 676 3026 demum
709 2952 862 3026 effet
890 2952 1088 3050 longe
1113 2952 1691 3026 contumeliosiffi-

192 3070 377 3126 mum
401 3070 545 3128 non
571 3052 706 3143 jam
730 3049 1158 3132 hominibuffi
1203 3046 1317 3126 sed*
1336 3050 1456 3152 ipfi
1484 3055 1691 3220 sago

217 3199 232 3207 -
822 3153 897 3224 M
939 3173 988 3251 4
1633 3169 1688 3218 1·-
