<?xml version="1.0" encoding="UTF-8"?>
<!DOCTYPE html PUBLIC "-//W3C//DTD XHTML 1.0 Transitional//EN"
    "http://www.w3.org/TR/xhtml1/DTD/xhtml1-transitional.dtd">
<html xmlns="http://www.w3.org/1999/xhtml" xml:lang="en" lang="en">
 <head>
  <title>
</title>
<meta http-equiv="Content-Type" content="text/html;charset=utf-8" />
  <meta name='ocr-system' content='tesseract 3.04.00' />
  <meta name='ocr-capabilities' content='ocr_page ocr_carea ocr_par ocr_line ocrx_word'/>
</head>
<body>
  <div class='ocr_page' id='page_1' title='image "./joannisclericia00clergoog_0142.png"; bbox 0 0 2447 3651; ppageno 0'>
   <div class='ocr_carea' id='block_1_1' title="bbox 652 133 2247 2957">
    <p class='ocr_par' dir='ltr' id='par_1_1' title="bbox 652 133 2247 2957">
     <span class='ocr_line' id='line_1_1' title="bbox 655 133 1793 233; baseline -0.011 -17"><span class='ocrx_word' id='word_1_1' title='bbox 655 142 813 233; x_wconf 81' lang='lat'>&#39;104</span> <span class='ocrx_word' id='word_1_2' title='bbox 1096 133 1160 209; x_wconf 88' lang='lat' dir='ltr'><strong>E</strong></span> <span class='ocrx_word' id='word_1_3' title='bbox 1203 154 1246 209; x_wconf 67' lang='lat' dir='ltr'>r</span> <span class='ocrx_word' id='word_1_4' title='bbox 1296 151 1410 206; x_wconf 75' lang='lat' dir='ltr'>rs</span> <span class='ocrx_word' id='word_1_5' title='bbox 1454 149 1590 203; x_wconf 63' lang='grc' dir='ltr'>το</span> <span class='ocrx_word' id='word_1_6' title='bbox 1640 153 1681 203; x_wconf 79' lang='grc' dir='ltr'><strong>ι</strong></span> <span class='ocrx_word' id='word_1_7' title='bbox 1728 155 1793 204; x_wconf 73' lang='grc' dir='ltr'>ιι</span> 
     </span>
     <span class='ocr_line' id='line_1_2' title="bbox 652 222 2210 337; baseline -0.002 -30"><span class='ocrx_word' id='word_1_8' title='bbox 652 231 972 337; x_wconf 84' lang='lat' dir='ltr'>spiciatur</span> <span class='ocrx_word' id='word_1_9' title='bbox 1002 222 1171 305; x_wconf 85' lang='lat' dir='ltr'>liber</span> <span class='ocrx_word' id='word_1_10' title='bbox 1191 230 1278 305; x_wconf 85' lang='lat' dir='ltr'>ab</span> <span class='ocrx_word' id='word_1_11' title='bbox 1301 230 1377 305; x_wconf 86' lang='lat' dir='ltr'>iis</span> <span class='ocrx_word' id='word_1_12' title='bbox 1400 227 1519 325; x_wconf 89' lang='lat' dir='ltr'>qui</span> <span class='ocrx_word' id='word_1_13' title='bbox 1542 251 1683 300; x_wconf 90' lang='lat' dir='ltr'>non</span> <span class='ocrx_word' id='word_1_14' title='bbox 1699 230 2036 327; x_wconf 84' lang='lat' dir='ltr'>legerunt,</span> <span class='ocrx_word' id='word_1_15' title='bbox 2057 252 2210 304; x_wconf 53' lang='lat' dir='ltr'>nee*-</span> 
     </span>
     <span class='ocr_line' id='line_1_3' title="bbox 659 323 2216 424; baseline 0.001 -23"><span class='ocrx_word' id='word_1_16' title='bbox 659 325 918 411; x_wconf 79' lang='lat' dir='ltr'>causam</span> <span class='ocrx_word' id='word_1_17' title='bbox 949 327 1112 401; x_wconf 89' lang='lat' dir='ltr'>dico</span> <span class='ocrx_word' id='word_1_18' title='bbox 1136 352 1254 400; x_wconf 89' lang='lat' dir='ltr'>cur</span> <span class='ocrx_word' id='word_1_19' title='bbox 1286 329 1373 400; x_wconf 92' lang='lat' dir='ltr'>ab</span> <span class='ocrx_word' id='word_1_20' title='bbox 1398 327 1721 399; x_wconf 87' lang='lat' dir='ltr'>omnibus</span> <span class='ocrx_word' id='word_1_21' title='bbox 1736 349 1875 399; x_wconf 90' lang='lat' dir='ltr'>non</span> <span class='ocrx_word' id='word_1_22' title='bbox 1897 323 2216 424; x_wconf 57' lang='lat' dir='ltr'>spernar,¹</span> 
     </span>
     <span class='ocr_line' id='line_1_4' title="bbox 667 422 2217 522; baseline -0.001 -23"><span class='ocrx_word' id='word_1_23' title='bbox 667 427 789 503; x_wconf 87' lang='lat' dir='ltr'>nifi</span> <span class='ocrx_word' id='word_1_24' title='bbox 820 426 997 498; x_wconf 84' lang='lat' dir='ltr'>illico</span> <span class='ocrx_word' id='word_1_25' title='bbox 1020 424 1396 522; x_wconf 86' lang='lat' dir='ltr'>intelligant</span> <span class='ocrx_word' id='word_1_26' title='bbox 1419 447 1528 496; x_wconf 88' lang='lat' dir='ltr'>me</span> <span class='ocrx_word' id='word_1_27' title='bbox 1551 422 1947 497; x_wconf 86' lang='lat' dir='ltr'>veriffimnm</span> <span class='ocrx_word' id='word_1_28' title='bbox 1981 471 2005 506; x_wconf 86' lang='lat'>,</span> <span class='ocrx_word' id='word_1_29' title='bbox 2102 423 2217 519; x_wconf 30' lang='lat' dir='ltr'>de,</span> 
     </span>
     <span class='ocr_line' id='line_1_5' title="bbox 667 519 2193 618; baseline 0 -22"><span class='ocrx_word' id='word_1_30' title='bbox 667 526 943 605; x_wconf 85' lang='lat' dir='ltr'>Patrum</span> <span class='ocrx_word' id='word_1_31' title='bbox 973 522 1493 618; x_wconf 86' lang='lat' dir='ltr'>loquutionibus</span> <span class='ocrx_word' id='word_1_32' title='bbox 1520 570 1542 603; x_wconf 91' lang='lat'>,</span> <span class='ocrx_word' id='word_1_33' title='bbox 1608 519 1935 610; x_wconf 86' lang='lat' dir='ltr'>judicium</span> <span class='ocrx_word' id='word_1_34' title='bbox 1961 521 2193 596; x_wconf 83' lang='lat' dir='ltr'>tuliffe.</span> 
     </span>
     <span class='ocr_line' id='line_1_6' title="bbox 675 617 2197 716; baseline -0.002 -22"><span class='ocrx_word' id='word_1_35' title='bbox 675 621 804 699; x_wconf 85' lang='lat' dir='ltr'>Sed</span> <span class='ocrx_word' id='word_1_36' title='bbox 832 643 918 690; x_wconf 91' lang='lat' dir='ltr'>ne</span> <span class='ocrx_word' id='word_1_37' title='bbox 966 618 1097 695; x_wconf 85' lang='lat' dir='ltr'>hoc</span> <span class='ocrx_word' id='word_1_38' title='bbox 1123 619 1404 716; x_wconf 89' lang='lat' dir='ltr'>quidem</span> <span class='ocrx_word' id='word_1_39' title='bbox 1437 618 1608 689; x_wconf 91' lang='lat' dir='ltr'>libro</span> <span class='ocrx_word' id='word_1_40' title='bbox 1638 617 1730 691; x_wconf 90' lang='lat' dir='ltr'>est</span> <span class='ocrx_word' id='word_1_41' title='bbox 1752 642 1929 715; x_wconf 85' lang='lat' dir='ltr'>opus</span> <span class='ocrx_word' id='word_1_42' title='bbox 1953 668 1976 702; x_wconf 90' lang='lat'><strong><em>,</em></strong></span> <span class='ocrx_word' id='word_1_43' title='bbox 2021 618 2071 690; x_wconf 85' lang='lat' dir='ltr'><strong>fi</strong></span> <span class='ocrx_word' id='word_1_44' title='bbox 2097 637 2197 692; x_wconf 90' lang='lat' dir='ltr'>at-</span> 
     </span>
     <span class='ocr_line' id='line_1_7' title="bbox 676 713 2218 813; baseline -0.003 -20"><span class='ocrx_word' id='word_1_45' title='bbox 676 716 990 793; x_wconf 82' lang='lat' dir='ltr'>tendatur</span> <span class='ocrx_word' id='word_1_46' title='bbox 1024 718 1127 790; x_wconf 87' lang='lat' dir='ltr'>vel</span> <span class='ocrx_word' id='word_1_47' title='bbox 1172 714 1305 789; x_wconf 84' lang='lat' dir='ltr'>sola</span> <span class='ocrx_word' id='word_1_48' title='bbox 1350 714 1773 789; x_wconf 82' lang='lat' dir='ltr'>ratiocinatio</span> <span class='ocrx_word' id='word_1_49' title='bbox 1800 765 1822 798; x_wconf 88' lang='lat'>‚</span> <span class='ocrx_word' id='word_1_50' title='bbox 1880 713 2017 811; x_wconf 67' lang='lat' dir='ltr'>quii</span> <span class='ocrx_word' id='word_1_51' title='bbox 2052 714 2218 813; x_wconf 25' lang='lat' dir='ltr'>usus·</span> 
     </span>
     <span class='ocr_line' id='line_1_8' title="bbox 678 808 2203 909; baseline -0.003 -19"><span class='ocrx_word' id='word_1_52' title='bbox 678 813 840 889; x_wconf 86' lang='lat' dir='ltr'>sum.</span> <span class='ocrx_word' id='word_1_53' title='bbox 938 814 1117 908; x_wconf 76' lang='lat' dir='ltr'>Qlis</span> <span class='ocrx_word' id='word_1_54' title='bbox 1172 813 1354 887; x_wconf 86' lang='lat' dir='ltr'>enim</span> <span class='ocrx_word' id='word_1_55' title='bbox 1410 808 1628 909; x_wconf 88' lang='lat' dir='ltr'>potest</span> <span class='ocrx_word' id='word_1_56' title='bbox 1682 811 1896 884; x_wconf 87' lang='lat' dir='ltr'>dicere</span> <span class='ocrx_word' id='word_1_57' title='bbox 1953 815 2203 886; x_wconf 86' lang='lat' dir='ltr'>claram</span> 
     </span>
     <span class='ocr_line' id='line_1_9' title="bbox 686 907 2208 1007; baseline -0.002 -21"><span class='ocrx_word' id='word_1_58' title='bbox 686 910 913 999; x_wconf 79' lang='lat' dir='ltr'>subjici</span> <span class='ocrx_word' id='word_1_59' title='bbox 943 907 1342 1007; x_wconf 83' lang='lat' dir='ltr'>potestatem</span> <span class='ocrx_word' id='word_1_60' title='bbox 1370 909 1692 990; x_wconf 88' lang='lat' dir='ltr'>vocibus,</span> <span class='ocrx_word' id='word_1_61' title='bbox 1722 910 1966 1005; x_wconf 86' lang='lat' dir='ltr'>quibus</span> <span class='ocrx_word' id='word_1_62' title='bbox 1993 911 2208 1007; x_wconf 88' lang='lat' dir='ltr'>expri-</span> 
     </span>
     <span class='ocr_line' id='line_1_10' title="bbox 690 1005 2209 1102; baseline 0 -22"><span class='ocrx_word' id='word_1_63' title='bbox 690 1010 890 1087; x_wconf 81' lang='lat' dir='ltr'>mitur</span> <span class='ocrx_word' id='word_1_64' title='bbox 917 1031 1019 1082; x_wconf 84' lang='lat' dir='ltr'>res</span> <span class='ocrx_word' id='word_1_65' title='bbox 1066 1005 1526 1090; x_wconf 73' lang='grc' dir='ltr'>αἱκατυιληπἹδς,</span> <span class='ocrx_word' id='word_1_66' title='bbox 1573 1005 1858 1092; x_wconf 75' lang='lat' dir='ltr'>hoeest,</span> <span class='ocrx_word' id='word_1_67' title='bbox 1905 1031 2048 1102; x_wconf 82' lang='lat' dir='ltr'>quae</span> <span class='ocrx_word' id='word_1_68' title='bbox 2096 1007 2209 1080; x_wconf 89' lang='lat' dir='ltr'>in-</span> 
     </span>
     <span class='ocr_line' id='line_1_11' title="bbox 682 1103 2213 1202; baseline -0.001 -23"><span class='ocrx_word' id='word_1_69' title='bbox 682 1103 891 1199; x_wconf 71' lang='lat' dir='ltr'>telligi</span> <span class='ocrx_word' id='word_1_70' title='bbox 948 1105 1190 1202; x_wconf 86' lang='lat' dir='ltr'>nequit</span> <span class='ocrx_word' id='word_1_71' title='bbox 1226 1112 1254 1177; x_wconf 82' lang='lat'>?</span> <span class='ocrx_word' id='word_1_72' title='bbox 1322 1107 1576 1174; x_wconf 85' lang='lat' dir='ltr'>Annon</span> <span class='ocrx_word' id='word_1_73' title='bbox 1623 1124 2005 1201; x_wconf 88' lang='lat' dir='ltr'>repugnant</span> <span class='ocrx_word' id='word_1_74' title='bbox 2045 1105 2213 1186; x_wconf 80' lang='lat' dir='ltr'>haec,</span> 
     </span>
     <span class='ocr_line' id='line_1_12' title="bbox 684 1199 2214 1301; baseline 0.004 -28"><span class='ocrx_word' id='word_1_75' title='bbox 684 1199 1028 1301; x_wconf 79' lang='lat' dir='ltr'>perspicue</span> <span class='ocrx_word' id='word_1_76' title='bbox 1075 1200 1351 1298; x_wconf 85' lang='lat' dir='ltr'>quidem</span> <span class='ocrx_word' id='word_1_77' title='bbox 1382 1200 1761 1273; x_wconf 87' lang='lat' dir='ltr'>orationem</span> <span class='ocrx_word' id='word_1_78' title='bbox 1806 1203 2014 1274; x_wconf 87' lang='lat' dir='ltr'>intelli</span> <span class='ocrx_word' id='word_1_79' title='bbox 2062 1224 2214 1281; x_wconf 75' lang='lat' dir='ltr'>ere,</span> 
     </span>
     <span class='ocr_line' id='line_1_13' title="bbox 693 1294 2211 1398; baseline -0.002 -26"><span class='ocrx_word' id='word_1_80' title='bbox 693 1323 837 1385; x_wconf 79' lang='lat' dir='ltr'>rem</span> <span class='ocrx_word' id='word_1_81' title='bbox 867 1303 1025 1372; x_wconf 82' lang='lat' dir='ltr'>vero</span> <span class='ocrx_word' id='word_1_82' title='bbox 1074 1324 1220 1394; x_wconf 83' lang='lat' dir='ltr'>quae</span> <span class='ocrx_word' id='word_1_83' title='bbox 1268 1297 1691 1391; x_wconf 84' lang='lat' dir='ltr'>exprimitur,</span> <span class='ocrx_word' id='word_1_84' title='bbox 1739 1321 1883 1371; x_wconf 90' lang='lat' dir='ltr'>non</span> <span class='ocrx_word' id='word_1_85' title='bbox 1907 1299 1995 1373; x_wconf 89' lang='lat' dir='ltr'>ad</span> <span class='ocrx_word' id='word_1_86' title='bbox 2024 1294 2211 1398; x_wconf 86' lang='lat' dir='ltr'>equi?</span> 
     </span>
     <span class='ocr_line' id='line_1_14' title="bbox 694 1393 2217 1491; baseline 0.003 -26"><span class='ocrx_word' id='word_1_87' title='bbox 694 1397 952 1475; x_wconf 80' lang='lat' dir='ltr'>Annon</span> <span class='ocrx_word' id='word_1_88' title='bbox 984 1396 1116 1469; x_wconf 88' lang='lat' dir='ltr'>hoc</span> <span class='ocrx_word' id='word_1_89' title='bbox 1133 1393 1264 1477; x_wconf 86' lang='lat' dir='ltr'>est,</span> <span class='ocrx_word' id='word_1_90' title='bbox 1311 1394 1717 1491; x_wconf 87' lang='lat' dir='ltr'>intelligere,</span> <span class='ocrx_word' id='word_1_91' title='bbox 1764 1402 1831 1469; x_wconf 88' lang='lat'>&amp;</span> <span class='ocrx_word' id='word_1_92' title='bbox 1857 1394 2046 1469; x_wconf 87' lang='lat' dir='ltr'>fimul</span> <span class='ocrx_word' id='word_1_93' title='bbox 2072 1420 2217 1469; x_wconf 88' lang='lat' dir='ltr'>non</span> 
     </span>
     <span class='ocr_line' id='line_1_15' title="bbox 698 1493 2221 1592; baseline -0.003 -21"><span class='ocrx_word' id='word_1_94' title='bbox 698 1493 1109 1590; x_wconf 78' lang='lat' dir='ltr'>intelligere?</span> <span class='ocrx_word' id='word_1_95' title='bbox 1155 1493 1323 1564; x_wconf 90' lang='lat' dir='ltr'>Non</span> <span class='ocrx_word' id='word_1_96' title='bbox 1352 1509 1498 1565; x_wconf 85' lang='lat' dir='ltr'>erat</span> <span class='ocrx_word' id='word_1_97' title='bbox 1524 1515 1684 1588; x_wconf 87' lang='lat' dir='ltr'>ergo</span> <span class='ocrx_word' id='word_1_98' title='bbox 1713 1516 1831 1566; x_wconf 89' lang='lat' dir='ltr'>cur</span> <span class='ocrx_word' id='word_1_99' title='bbox 1856 1494 2024 1567; x_wconf 89' lang='lat' dir='ltr'>mihi</span> <span class='ocrx_word' id='word_1_100' title='bbox 2065 1518 2221 1592; x_wconf 89' lang='lat' dir='ltr'>pro-</span> 
     </span>
     <span class='ocr_line' id='line_1_16' title="bbox 701 1587 2226 1689; baseline 0.003 -28"><span class='ocrx_word' id='word_1_101' title='bbox 701 1608 931 1689; x_wconf 83' lang='lat' dir='ltr'>pterea</span> <span class='ocrx_word' id='word_1_102' title='bbox 993 1587 1316 1663; x_wconf 87' lang='lat' dir='ltr'>invidiam</span> <span class='ocrx_word' id='word_1_103' title='bbox 1371 1612 1643 1661; x_wconf 88' lang='lat' dir='ltr'>movere</span> <span class='ocrx_word' id='word_1_104' title='bbox 1688 1609 2049 1664; x_wconf 87' lang='lat' dir='ltr'>conaretur</span> <span class='ocrx_word' id='word_1_105' title='bbox 2104 1593 2226 1666; x_wconf 86' lang='lat' dir='ltr'>Vir</span> 
     </span>
     <span class='ocr_line' id='line_1_17' title="bbox 704 1682 2229 1782; baseline -0.001 -20"><span class='ocrx_word' id='word_1_106' title='bbox 704 1684 1059 1769; x_wconf 77' lang='lat' dir='ltr'>Eruditus3</span> <span class='ocrx_word' id='word_1_107' title='bbox 1108 1682 1266 1757; x_wconf 73' lang='lat' dir='ltr'>cum</span> <span class='ocrx_word' id='word_1_108' title='bbox 1291 1687 1532 1760; x_wconf 86' lang='lat' dir='ltr'>veritas</span> <span class='ocrx_word' id='word_1_109' title='bbox 1563 1705 1823 1782; x_wconf 87' lang='lat' dir='ltr'>aperta,</span> <span class='ocrx_word' id='word_1_110' title='bbox 1875 1712 2017 1761; x_wconf 91' lang='lat' dir='ltr'>non</span> <span class='ocrx_word' id='word_1_111' title='bbox 2044 1712 2229 1761; x_wconf 85' lang='lat' dir='ltr'>non-</span> 
     </span>
     <span class='ocr_line' id='line_1_18' title="bbox 704 1780 2229 1885; baseline 0.001 -24"><span class='ocrx_word' id='word_1_112' title='bbox 704 1783 830 1862; x_wconf 85' lang='lat' dir='ltr'>nifi</span> <span class='ocrx_word' id='word_1_113' title='bbox 860 1785 1037 1881; x_wconf 88' lang='lat' dir='ltr'>apud</span> <span class='ocrx_word' id='word_1_114' title='bbox 1068 1786 1323 1863; x_wconf 83' lang='lat' dir='ltr'>malos,</span> <span class='ocrx_word' id='word_1_115' title='bbox 1371 1780 1692 1857; x_wconf 87' lang='lat' dir='ltr'>invidiam</span> <span class='ocrx_word' id='word_1_116' title='bbox 1738 1782 1958 1860; x_wconf 89' lang='lat' dir='ltr'>facere</span> <span class='ocrx_word' id='word_1_117' title='bbox 2002 1788 2229 1885; x_wconf 83' lang='lat' dir='ltr'>poflit.</span> 
     </span>
     <span class='ocr_line' id='line_1_19' title="bbox 711 1879 2233 1978; baseline 0.002 -23"><span class='ocrx_word' id='word_1_118' title='bbox 711 1884 783 1968; x_wconf 85' lang='lat' dir='ltr'>Si</span> <span class='ocrx_word' id='word_1_119' title='bbox 811 1879 1003 1955; x_wconf 71' lang='lat' dir='ltr'>cauia</span> <span class='ocrx_word' id='word_1_120' title='bbox 1047 1881 1184 1954; x_wconf 80' lang='lat' dir='ltr'>haec</span> <span class='ocrx_word' id='word_1_121' title='bbox 1231 1896 1473 1978; x_wconf 86' lang='lat' dir='ltr'>agatur</span> <span class='ocrx_word' id='word_1_122' title='bbox 1506 1882 1690 1978; x_wconf 85' lang='lat' dir='ltr'>apud</span> <span class='ocrx_word' id='word_1_123' title='bbox 1721 1883 1985 1963; x_wconf 77' lang='lat' dir='ltr'>bonos,</span> <span class='ocrx_word' id='word_1_124' title='bbox 2032 1903 2109 1957; x_wconf 91' lang='lat' dir='ltr'>ut</span> <span class='ocrx_word' id='word_1_125' title='bbox 2138 1881 2233 1958; x_wconf 76' lang='lat' dir='ltr'>sa-</span> 
     </span>
     <span class='ocr_line' id='line_1_20' title="bbox 709 1978 2233 2075; baseline 0.001 -22"><span class='ocrx_word' id='word_1_126' title='bbox 709 1978 802 2053; x_wconf 73' lang='lat' dir='ltr'>ne</span> <span class='ocrx_word' id='word_1_127' title='bbox 834 1980 1091 2075; x_wconf 88' lang='lat' dir='ltr'>agitur,</span> <span class='ocrx_word' id='word_1_128' title='bbox 1137 1979 1303 2050; x_wconf 86' lang='lat' dir='ltr'>nihil</span> <span class='ocrx_word' id='word_1_129' title='bbox 1327 1978 1492 2050; x_wconf 86' lang='lat' dir='ltr'>mihi</span> <span class='ocrx_word' id='word_1_130' title='bbox 1530 1981 1914 2053; x_wconf 86' lang='lat' dir='ltr'>timendum</span> <span class='ocrx_word' id='word_1_131' title='bbox 1938 1980 2068 2060; x_wconf 71' lang='lat' dir='ltr'>est»</span> <span class='ocrx_word' id='word_1_132' title='bbox 2115 1983 2233 2055; x_wconf 81' lang='lat' dir='ltr'>ni-</span> 
     </span>
     <span class='ocr_line' id='line_1_21' title="bbox 709 2072 2226 2173; baseline 0.003 -25"><span class='ocrx_word' id='word_1_133' title='bbox 709 2077 806 2165; x_wconf 76' lang='lat' dir='ltr'>bil</span> <span class='ocrx_word' id='word_1_134' title='bbox 849 2077 1035 2151; x_wconf 85' lang='lat' dir='ltr'>enim</span> <span class='ocrx_word' id='word_1_135' title='bbox 1061 2072 1351 2171; x_wconf 67' lang='lat' dir='ltr'>speetant</span> <span class='ocrx_word' id='word_1_136' title='bbox 1379 2076 1549 2149; x_wconf 86' lang='lat' dir='ltr'>boni</span> <span class='ocrx_word' id='word_1_137' title='bbox 1581 2078 2226 2173; x_wconf 77' lang='lat' dir='ltr'>praeterVeritatem3</span> 
     </span>
     <span class='ocr_line' id='line_1_22' title="bbox 713 2171 2235 2273; baseline -0.001 -23"><span class='ocrx_word' id='word_1_138' title='bbox 713 2171 759 2250; x_wconf 65' lang='lat' dir='ltr'>d</span> <span class='ocrx_word' id='word_1_139' title='bbox 789 2197 922 2270; x_wconf 88' lang='lat' dir='ltr'>qua</span> <span class='ocrx_word' id='word_1_140' title='bbox 945 2172 1359 2246; x_wconf 77' lang='lat' dir='ltr'>libentiffime</span> <span class='ocrx_word' id='word_1_141' title='bbox 1388 2172 1565 2248; x_wconf 86' lang='lat' dir='ltr'>vinci</span> <span class='ocrx_word' id='word_1_142' title='bbox 1603 2172 1722 2247; x_wconf 88' lang='lat' dir='ltr'>sese</span> <span class='ocrx_word' id='word_1_143' title='bbox 1745 2177 2134 2273; x_wconf 87' lang='lat' dir='ltr'>patiuntur,</span> <span class='ocrx_word' id='word_1_144' title='bbox 2182 2177 2235 2255; x_wconf 82' lang='lat' dir='ltr'>fi</span> 
     </span>
     <span class='ocr_line' id='line_1_23' title="bbox 717 2268 2238 2370; baseline 0.007 -29"><span class='ocrx_word' id='word_1_145' title='bbox 717 2268 999 2367; x_wconf 82' lang='lat' dir='ltr'>quando</span> <span class='ocrx_word' id='word_1_146' title='bbox 1028 2287 1275 2343; x_wconf 76' lang='lat' dir='ltr'>eontra</span> <span class='ocrx_word' id='word_1_147' title='bbox 1317 2293 1467 2344; x_wconf 87' lang='lat' dir='ltr'>eam</span> <span class='ocrx_word' id='word_1_148' title='bbox 1515 2271 1977 2370; x_wconf 82' lang='lat' dir='ltr'>imprudentes</span> <span class='ocrx_word' id='word_1_149' title='bbox 2024 2268 2238 2352; x_wconf 84' lang='lat' dir='ltr'>sense-</span> 
     </span>
     <span class='ocr_line' id='line_1_24' title="bbox 717 2366 2239 2461; baseline 0.001 -19"><span class='ocrx_word' id='word_1_150' title='bbox 717 2366 878 2442; x_wconf 84' lang='lat' dir='ltr'>rint.</span> <span class='ocrx_word' id='word_1_151' title='bbox 973 2367 1218 2454; x_wconf 77' lang='lat' dir='ltr'>Bonum</span> <span class='ocrx_word' id='word_1_152' title='bbox 1257 2367 1336 2461; x_wconf 88' lang='lat' dir='ltr'>est</span> <span class='ocrx_word' id='word_1_153' title='bbox 1377 2372 1645 2453; x_wconf 81' lang='lat' dir='ltr'>homini,</span> <span class='ocrx_word' id='word_1_154' title='bbox 1692 2369 1733 2412; x_wconf 68' lang='lat'>*</span> <span class='ocrx_word' id='word_1_155' title='bbox 1758 2388 1840 2444; x_wconf 89' lang='lat' dir='ltr'>ut</span> <span class='ocrx_word' id='word_1_156' title='bbox 1867 2370 2041 2444; x_wconf 62' lang='lat' dir='ltr'>reete</span> <span class='ocrx_word' id='word_1_157' title='bbox 2084 2370 2239 2444; x_wconf 87' lang='lat' dir='ltr'>Au·-</span> 
     </span>
     <span class='ocr_line' id='line_1_25' title="bbox 722 2461 2239 2564; baseline 0.005 -29"><span class='ocrx_word' id='word_1_158' title='bbox 722 2461 1029 2564; x_wconf 85' lang='lat' dir='ltr'>gustinus</span> <span class='ocrx_word' id='word_1_159' title='bbox 1040 2510 1064 2545; x_wconf 87' lang='lat'>,</span> <span class='ocrx_word' id='word_1_160' title='bbox 1108 2484 1181 2535; x_wconf 84' lang='lat' dir='ltr'>ut</span> <span class='ocrx_word' id='word_1_161' title='bbox 1220 2489 1355 2537; x_wconf 85' lang='lat' dir='ltr'>eum</span> <span class='ocrx_word' id='word_1_162' title='bbox 1383 2468 1620 2540; x_wconf 76' lang='lat' dir='ltr'>Veritas</span> <span class='ocrx_word' id='word_1_163' title='bbox 1651 2474 1867 2541; x_wconf 84' lang='lat' dir='ltr'>vincat</span> <span class='ocrx_word' id='word_1_164' title='bbox 1893 2470 2200 2541; x_wconf 85' lang='lat' dir='ltr'>volentem</span> <span class='ocrx_word' id='word_1_165' title='bbox 2211 2496 2239 2552; x_wconf 78' lang='lat'>,⁰</span> 
     </span>
     <span class='ocr_line' id='line_1_26' title="bbox 712 2559 2247 2662; baseline 0.005 -30"><span class='ocrx_word' id='word_1_166' title='bbox 712 2563 875 2662; x_wconf 56' lang='lat' dir='ltr'>jquia</span> <span class='ocrx_word' id='word_1_167' title='bbox 907 2559 1138 2630; x_wconf 85' lang='lat' dir='ltr'><em>malum</em></span> <span class='ocrx_word' id='word_1_168' title='bbox 1160 2560 1239 2656; x_wconf 65' lang='lat' dir='ltr'>3st</span> <span class='ocrx_word' id='word_1_169' title='bbox 1261 2565 1506 2641; x_wconf 80' lang='lat' dir='ltr'>homini.</span> <span class='ocrx_word' id='word_1_170' title='bbox 1553 2585 1627 2635; x_wconf 82' lang='lat' dir='ltr'>ut</span> <span class='ocrx_word' id='word_1_171' title='bbox 1651 2591 1783 2638; x_wconf 87' lang='lat' dir='ltr'>eum</span> <span class='ocrx_word' id='word_1_172' title='bbox 1806 2567 2049 2638; x_wconf 82' lang='lat' dir='ltr'>Veritas</span> <span class='ocrx_word' id='word_1_173' title='bbox 2092 2575 2247 2639; x_wconf 77' lang='lat' dir='ltr'>vin-</span> 
     </span>
     <span class='ocr_line' id='line_1_27' title="bbox 730 2655 2245 2762; baseline 0.006 -31"><span class='ocrx_word' id='word_1_174' title='bbox 730 2679 833 2731; x_wconf 86' lang='lat' dir='ltr'>cat</span> <span class='ocrx_word' id='word_1_175' title='bbox 865 2655 1146 2735; x_wconf 59' lang='lat' dir='ltr'>invitum.</span> <span class='ocrx_word' id='word_1_176' title='bbox 1244 2658 1424 2730; x_wconf 81' lang='lat' dir='ltr'>Nam</span> <span class='ocrx_word' id='word_1_177' title='bbox 1463 2656 1590 2756; x_wconf 75' lang='lat' dir='ltr'>ipstz</span> <span class='ocrx_word' id='word_1_178' title='bbox 1619 2670 1834 2734; x_wconf 79' lang='lat' dir='ltr'>vincat</span> <span class='ocrx_word' id='word_1_179' title='bbox 1867 2663 2082 2762; x_wconf 74' lang='lat' dir='ltr'>neceffe</span> <span class='ocrx_word' id='word_1_180' title='bbox 2133 2665 2245 2761; x_wconf 79' lang='lat' dir='ltr'>est,</span> 
     </span>
     <span class='ocr_line' id='line_1_28' title="bbox 709 2754 2247 2925; baseline 0.007 -103"><span class='ocrx_word' id='word_1_181' title='bbox 709 2757 856 2857; x_wconf 74' lang='lat' dir='ltr'>five</span> <span class='ocrx_word' id='word_1_182' title='bbox 889 2773 1202 2925; x_wconf 49' lang='lat' dir='ltr'>wtffipptem</span> <span class='ocrx_word' id='word_1_183' title='bbox 1220 2803 1248 2835; x_wconf 23' lang='lat' dir='ltr'>‚v</span> <span class='ocrx_word' id='word_1_184' title='bbox 1268 2754 1413 2849; x_wconf 83' lang='lat' dir='ltr'>five</span> <span class='ocrx_word' id='word_1_185' title='bbox 1437 2758 1819 2851; x_wconf 83' lang='lat' dir='ltr'>confitentem.</span> <span class='ocrx_word' id='word_1_186' title='bbox 1916 2763 2151 2835; x_wconf 81' lang='lat' dir='ltr'>Liceat</span> <span class='ocrx_word' id='word_1_187' title='bbox 2179 2771 2247 2844; x_wconf 72' lang='grc' dir='ltr'>δι</span> 
     </span>
     <span class='ocr_line' id='line_1_29' title="bbox 736 2851 2244 2957; baseline 0.007 -34"><span class='ocrx_word' id='word_1_188' title='bbox 736 2851 908 2947; x_wconf 73' lang='lat' dir='ltr'>adve</span> <span class='ocrx_word' id='word_1_189' title='bbox 1031 2873 1177 2944; x_wconf 79' lang='lat' dir='ltr'>ium</span> <span class='ocrx_word' id='word_1_190' title='bbox 1200 2851 1476 2957; x_wconf 60' lang='lat' dir='ltr'>adloqui,</span> <span class='ocrx_word' id='word_1_191' title='bbox 1501 2852 1934 2955; x_wconf 74' lang='lat' dir='ltr'>sequentibus</span> <span class='ocrx_word' id='word_1_192' title='bbox 1948 2856 2244 2955; x_wconf 74' lang='lat' dir='ltr'>ejusdem·</span> 
     </span>
    </p>
   </div>
   <div class='ocr_carea' id='block_1_2' title="bbox 814 3051 2234 3172">
    <p class='ocr_par' dir='ltr' id='par_1_2' title="bbox 814 3051 2234 3172">
     <span class='ocr_line' id='line_1_30' title="bbox 814 3051 2234 3172; baseline 0.013 -39"><span class='ocrx_word' id='word_1_193' title='bbox 814 3069 864 3123; x_wconf 63' lang='grc' dir='ltr'><strong><em>ὑ</em></strong></span> <span class='ocrx_word' id='word_1_194' title='bbox 902 3078 997 3156; x_wconf 67' lang='lat' dir='ltr'>zp-</span> <span class='ocrx_word' id='word_1_195' title='bbox 1038 3081 1444 3160; x_wconf 57' lang='lat' dir='ltr'>ccxxxvm,</span> <span class='ocrx_word' id='word_1_196' title='bbox 1485 3079 1561 3156; x_wconf 65' lang='lat' dir='ltr'>ad</span> <span class='ocrx_word' id='word_1_197' title='bbox 1577 3080 1965 3172; x_wconf 45' lang='lat' dir='ltr'>emnium.</span> <span class='ocrx_word' id='word_1_198' title='bbox 2226 3051 2234 3058; x_wconf 45' lang='lat'><em>⁶</em></span> 
     </span>
    </p>
   </div>
  </div>
 </body>
</html>
