2447 3651
722 243 815 316 72
1050 220 1055 225 ’
1185 213 1249 288 E
1293 238 1331 288 Ρ
1380 236 1407 285 1
1458 234 1493 286 s
1537 233 1581 282 τ
1625 235 1674 283 o
1723 235 1765 283 ι
1813 234 1875 285 AE
2187 302 2192 307 ι

710 338 862 391 cem
895 309 1254 391 emiserunt
1284 337 1306 393 3
1354 334 1481 385 nec
1506 312 1701 388 venet
1738 313 1982 382 Caveus
2006 311 2239 389 haberi

707 414 1069 509 ‚Presbyterii
1102 430 1433 509 patronus
1456 457 1478 493 ,
1536 407 1702 503 quia
1738 404 2065 500 ejusmodi
2103 410 2239 482 ho-

708 512 931 594 mines
970 510 1290 583 nonnulla
1331 506 1472 596 ejus
1508 505 1768 604 Scripta
1806 505 1878 578 in
1909 506 2239 604 Linguam

711 609 1043 709 Belgicam
1070 604 1546 687 transtulerunt
1565 651 1586 685 ,
1643 622 1764 685 aut
1795 603 2187 676 ediderunt.

809 705 1061 777 Audivi
1090 705 1454 782 nonnullos
1468 727 1547 777 ex
1559 700 1727 776 meis
1739 700 1972 774 libellis
1995 701 2069 772 in
2089 701 2238 777 An-

712 803 962 903 glicam
995 803 1325 899 Linguam
1365 797 1493 873 effe
1544 796 1766 874 versos
1814 798 1904 871 ab
1938 799 2243 878 homini-

713 902 849 984 bus
875 951 896 984 ‚
961 924 1258 997 quorum
1300 923 1427 980 nec
1455 895 1848 970 sententiam
1875 945 1895 977 ‚
1944 919 2071 976 nec
2094 922 2241 970 mo-

713 1022 821 1078 res
870 1001 1009 1071 ullo
1056 998 1275 1073 modo
1320 995 1665 1093 probarim
1711 1044 1733 1077 ‚
1806 994 1853 1066 fi
1889 1016 2044 1077 vera
2090 991 2239 1067 sunt
2290 1068 2297 1071 .

709 1120 862 1192 quae
891 1094 978 1168 de
1009 1095 1090 1169 iis
1112 1092 1531 1191 spargantur.
1581 1092 1861 1166 Dicitur
1882 1116 2236 1171 nonnemo

708 1188 966 1271 vertisse
989 1197 1193 1289 Opus
1222 1215 1451 1271 meum
1491 1190 1564 1261 de
1592 1191 2066 1273 Incredulitate,
2115 1191 2237 1287 qui

706 1290 904 1387 plane
921 1292 1173 1371 alienus
1197 1286 1321 1362 effe
1350 1287 1564 1370 fertur
1582 1286 1624 1360 a
1648 1288 1809 1362 Fide
1822 1312 2062 1384 ,quam
2084 1311 2236 1384 pro«.-

704 1388 1143 1487 pugnandam
1184 1386 1348 1461 mihi
1377 1382 1638 1483 suscepi.
1736 1386 1966 1480 Cujus
2004 1386 2233 1458 homi-

703 1486 812 1556 nis
856 1508 985 1565 nec
1031 1484 1285 1561 amicus
1323 1508 1650 1578 umquam
1699 1480 1848 1566 fui,
1913 1506 2036 1555 nec
2077 1506 2229 1565 em,-

704 1581 932 1661 donec
970 1583 1134 1662 mihi
1177 1579 1438 1655 constet
1473 1577 1626 1665 falsa
1666 1578 1789 1653 effe
1817 1603 1965 1675 quae
1996 1580 2079 1652 de
2108 1581 2224 1652 illo

701 1674 1041 1763 feruntur,
1091 1699 1209 1752 aut
1245 1679 1332 1755 ad
1374 1678 1718 1755 meliorem
1767 1674 2032 1773 frugem
2068 1702 2226 1751 eum

702 1773 977 1870 rediiffe.
1073 1779 1354 1860 Nullum
1387 1799 1543 1849 cum
1575 1800 1662 1849 eo
1696 1775 2002 1851 amicitiae
2040 1799 2228 1849 com·

703 1877 1030 1949 mercium
1061 1876 1282 1957 colui,
1333 1874 1524 1971 quod
1556 1876 1783 1952 abillo
1827 1892 2050 1945 tamen
2075 1923 2098 1955 ,
2150 1887 2230 1946 ut

701 1970 765 2043 se
791 1973 851 2044 se
892 1970 1080 2068 apud
1108 1976 1469 2055 nonnullos
1495 2020 1516 2053 ‚
1565 1996 1744 2067 quos
1776 1971 2044 2044 videbat
2071 1995 2220 2045 non

697 2071 872 2147 male
902 2069 1139 2145 sentire
1183 2068 1275 2141 de
1312 2093 1469 2152 me,
1534 2068 1912 2154 venditaret
1938 2117 1961 2151 ,
2007 2067 2220 2143 auda-

697 2166 939 2240 ciffime
961 2167 1284 2257 jactatum
1320 2166 1531 2248 audio
1541 2194 1564 2250 3
1614 2170 1771 2250 cum
1807 2165 2047 2254 dixerit
2074 2161 2242 2240 sein.

697 2265 953 2341 aedibus
977 2265 1142 2338 meis
1169 2262 1421 2344 vixiffe,
1474 2270 1542 2345 &
1569 2260 1967 2361 discipulum
1987 2273 2242 2344 meum'

689 2356 879 2431 fuiffe
899 2408 918 2438 ‚
968 2363 1087 2456 qui
1111 2357 1151 2432 εἰ
1176 2384 1286 2434 me
1310 2385 1752 2457 quaecumque
1779 2360 2086 2437 sentirem
2112 2384 2219 2436 ac-

690 2455 960 2553 cepisset
970 2484 992 2538 3
1043 2481 1188 2551 quae
1214 2457 1447 2536 omnia
1460 2455 1609 2530 sunt
1633 2460 2000 2555 turpiffima
2030 2484 2218 2531 men-

689 2553 887 2636 dacia
919 2602 939 2632 ,
1002 2576 1080 2625 ut
1101 2554 1313 2630 sciunt
1348 2578 1637 2640 omnes,
1685 2558 1936 2653 quibus
1982 2557 2217 2654 paullo

686 2651 917 2743 notior
940 2648 1099 2726 sum.
1162 2648 1422 2725 Possem
1451 2653 1657 2734 etiam
1688 2662 1755 2726 δι
1784 2678 1863 2728 ea
1895 2652 2215 2751 proferre,

686 2749 756 2839 in
786 2749 1036 2847 quibus
1076 2747 1323 2822 inscius
1366 2751 1664 2834 hominis
1701 2753 2212 2834 audaciffimum

682 2853 750 2920 δε
831 2845 1359 2930 absurdiffimum
1431 2848 1780 2944 quoddam
1859 2851 2210 2923 confilium

677 2942 944 3041 prorsus
971 2945 1315 3021 anteverti.
1394 2947 1519 3019 Sed
1545 2950 1721 3019 malo
1751 2947 1845 3019 illi
1878 2945 2208 3020 saniorem

677 3062 974 3140 tuentem
1007 3043 1293 3142 precari,
1344 3042 1553 3154 quam
1574 3044 1898 3130 invidiam
1927 3068 2205 3141 augere,

1994 3163 2205 3252 quam„
