2447 3651
733 196 866 284 ‚84
1150 186 1210 267 E
1256 210 1296 262 ι)
1340 211 1368 260 1
1410 210 1454 263 s
1492 212 1540 262 ‘r
1584 215 1635 266 o
1681 196 1723 267 ι’
1761 217 1828 270 Β
1934 206 1949 215 “

721 283 990 360 Ordini.
1081 283 1191 358 Εὸ
1231 285 1506 361 tandem
1532 288 1896 371 deveniunt
1941 297 2230 378 diffimu-

724 386 973 455 latores
998 428 1022 464 ‚
1068 401 1144 455 ut
1160 390 1228 457 &
1244 384 1632 459 homines&
1651 391 1986 467 Ordinem
2010 399 2228 494 ipsum

724 476 1058 552 infament
1082 529 1105 563 ‚
1165 480 1336 553 dum
1376 505 1497 559 eos
1550 482 1909 564 defendere
1970 519 2232 573 conan-

728 592 856 649 tur.
1156 594 1163 601 ”

820 669 1075 745 Verum
1100 669 1366 768 spretis,
1411 676 1734 771 inquiunt
1755 730 1779 766 ‚
1822 687 2125 785 antiquis
2166 693 2240 763 ss..

724 771 822 853 lis¹
853 776 1206 844 Sacrorum
1260 773 1692 850 Antistitibus
1730 828 1754 861 ,
1831 780 2235 878 spernuntur

729 875 798 938 δι
844 865 1154 938 hodierni
1194 893 1215 948 ;
1324 866 1532 965 iisque
1595 881 1963 954 contemtis
1995 931 2020 965 ,
2100 883 2236 982 ipsa

731 964 1189 1037 contemnitur
1218 966 1501 1062 Religio.
1556 975 1651 1043 At
1679 969 1888 1069 sperni
1916 1001 2062 1051 non
2087 980 2237 1077 pos-

727 1061 909 1139 sunt,
955 1060 1078 1155 qui
1096 1083 1275 1133 nunc
1302 1059 1448 1135 sunt
1470 1065 1699 1141 revera
1729 1073 1930 1145 laude
1954 1083 2025 1147 δε
2058 1101 2236 1151 reve-

724 1158 947 1237 rentia
975 1159 1198 1255 digni,
1244 1158 1294 1229 fi
1321 1162 1582 1235 Veritas
1614 1164 1702 1238 de
1732 1173 2098 1246 Veteribus
2127 1199 2234 1247 ex-

721 1273 1047 1351 ponatur3
1096 1255 1138 1326 εἰ
1171 1277 1308 1350 qua
1340 1258 1501 1331 nihil
1533 1258 1663 1333 fuit
1696 1287 2024 1360 umquam·
2074 1274 2233 1346 Vir-

723 1352 910 1432 tuti,
956 1350 1118 1422 nihil
1170 1373 1490 1448 umquam
1542 1358 1933 1438 Eruditioni
1975 1368 2233 1442 timen-

727 1447 917 1527 dum.
1011 1446 1232 1540 Qod
1269 1447 1320 1540 st
1351 1446 1526 1525 forte
1551 1454 1970 1556 effentdigm·
2020 1516 2045 1548 ‚
2106 1468 2229 1562 qui

723 1540 1188 1638 spernerentur
1212 1591 1237 1627 ,
1280 1568 1368 1619 an
1396 1553 1640 1625 vellent
1661 1578 1786 1629 eos
1809 1565 2043 1657 magni
2065 1563 2229 1643 fieri,

726 1650 797 1711 &
825 1640 1204 1715 conculcari
1228 1664 1583 1743 propterea
1612 1654 1983 1729 Veritatem
2019 1669 2049 1731 ἓ
2096 1665 2229 1734 Fal-

725 1733 871 1809 sum
916 1757 1230 1835 praeterea
1266 1741 1359 1814 est
1401 1765 1824 1822 contemtum
1855 1761 2230 1832 nonnullo-

723 1859 877 1910 rum
902 1837 989 1909 ad
1032 1859 1273 1916 omnes
1310 1844 1599 1919 omnino
1637 1850 1983 1943 pertinere.
2084 1860 2230 1930 Pal·-

721 1930 869 2022 sum
895 1932 988 2005 est
1015 1956 1295 2031 quoque
1315 1935 1497 2035 sequi
1520 1951 2091 2024 contemnendam
2106 1946 2228 2027 esse

723 2028 1150 2126 Religionem
1180 2080 1202 2114 ,
1261 2055 1346 2107 eo
1373 2037 1567 2131 quod
1593 2047 1900 2118 nonnulli
1920 2049 2227 2125 Praefides

724 2131 1080 2201 Sacrorum
1100 2131 1250 2223 ejus
1271 2128 1424 2207 satis
1446 2139 1672 2231 periti,
1702 2160 1817 2214 aut
1832 2140 1989 2218 {atis
2008 2148 2223 2221 obier-

723 2242 957 2295 vantes
983 2221 1166 2298 fuiffe
1198 2250 1578 2325 negantum
1624 2261 2038 2337 quamquam
2085 2268 2224 2318 non

723 2319 1028 2404 diffiteor
1054 2324 1271 2400 malos
1292 2350 1524 2403 mores
1542 2340 1614 2406 δε
1648 2345 1901 2411 errores
1935 2347 2226 2416 nonnul-

720 2417 949 2488 lorum
982 2420 1580 2501 Ecclefiasticorum
1611 2432 1967 2509 hominum
1992 2488 2016 2519 ,
2077 2464 2225 2514 ma-

721 2513 806 2585 lis
836 2514 1259 2590 occasionem
1272 2524 1557 2614 praebere
1568 2529 1824 2605 deReli
1869 2536 2034 2609 ione
2049 2540 2225 2622 male

717 2605 1059 2682 sentiendi.
1152 2621 1249 2687 At
1278 2616 1438 2693 huic
1460 2623 1761 2701 incomm
1948 2633 2225 2710 obviam

722 2705 1020 2786 eundum
1053 2708 1147 2781 est
1173 2761 1196 2792 ‚
1256 2736 1398 2786 non
1420 2722 1754 2814 pudendis
1774 2752 1859 2800 ac
1884 2731 2225 2824 periculo-

719 2799 805 2873 fis
830 2801 1459 2890 diffimulationibus
1480 2867 1499 2896 ‚
1549 2824 1802 2916 quibus
1827 2828 2028 2901 etiam
2063 2855 2220 2903 mo-

719 2895 978 2973 desta&
993 2904 1150 2976 Veri
1172 2913 1467 2987 amantia
1490 2918 1756 3010 ingenia
1777 2924 1984 3017 quam
2012 2931 2218 3003 maxi-

716 2994 827 3071 me
848 2994 1316 3090 offenduntur5
1366 3007 1474 3085 sed
1503 3012 1924 3095 ostendendo
1944 3043 2032 3099 ut
2062 3026 2218 3099 vitia

2115 3146 2213 3199 cx·
