2447 3651
692 220 835 311 ³368
1064 208 1417 307 Ansemper‘
1433 201 1892 304 &spondendum

659 296 994 387 ‘habant
1028 315 1095 380 δι
1132 306 1196 381 se
1230 316 1298 379 &
1326 307 1697 379 Veritatem
1730 303 2015 399 Scriptis
2040 309 2229 380 con-2·

690 408 909 483 trariis
942 406 1111 479 tueri
1139 454 1163 487 ,
1223 403 1402 477 adab
1433 422 1511 475 ut
1535 403 1581 474 fi
1609 401 1945 474 tacuerint
1976 402 2215 478 officio

692 501 970 580 defuisse
1000 502 1210 576 videri
1242 520 1531 598 queant,
1574 499 1810 571 aut-ab
1832 497 2222 576 adversariis

696 593 1851 696 medtbreprehendi.13xistimamus
1863 595 2215 671 interdum

695 704 1026 777 calamum
1054 693 1180 767 effe
1205 692 1659 790 arripiendum
1677 739 1699 774 ,
1743 692 2087 766 interdum
2112 692 2216 770 sa·-

698 799 836 872 tius
857 792 986 868 effe
1008 814 1225 866 tacere
1238 841 1260 874 ,
1285 816 1412 887 pro
1438 790 1759 864 varietate
1778 787 2221 865 circumstan-

700 897 1000 972 tiamm3
1046 900 1111 962 δι
1137 890 1271 963 tria
1302 887 1578 984 quidem
1598 885 2015 982 potiffimum
2048 886 2216 970 effe,

697 992 953 1090 quibus
988 986 1239 1061 adduci
1274 1006 1604 1081 queamus
1634 982 1727 1055 ad
1772 984 2009 1055 bellum
2040 986 2217 1060 inud

700 1091 1135 1162 chartaceum
1193 1083 1559 1179 gerendum
1591 1098 1613 1162 ς·
1688 1103 1836 1174 quae
1875 1080 1922 1150 fi
1956 1082 2170 1155 abfint
2186 1131 2213 1163 ‚

704 1190 887 1258 nulla
924 1180 1106 1256 causa
1146 1180 1242 1251 est
1275 1202 1395 1253 cur
1417 1202 1558 1250 non
1590 1179 1822 1273 potius
1851 1195 2218 1253 taceamus·

706 1283 1009 1355 Primum
1032 1278 1124 1349 est
1155 1278 1200 1348 fi
1229 1295 1623 1372 oppugnata
1647 1274 1919 1347 Veritas
1969 1277 2220 1371 (quam

706 1379 986 1465 alicujus
1026 1374 1357 1446 momenti
1400 1371 1526 1445 ess'e
1568 1371 1966 1470 statuimus)
2018 1373 2224 1448 nobis

704 1474 1086 1548 tacentibus
1107 1470 1434 1542 oblivioni
1456 1469 1910 1549 mandaretur,
1934 1488 2222 1543 autnon

704 1570 856 1646 satis
901 1571 991 1641 ab
1035 1570 1182 1656 ejus
1220 1566 1518 1661 alioquin
1555 1565 1938 1640 amantibus
1970 1568 2214 1641 inteni-

707 1687 994 1767 geretur.
1065 1670 1248 1736 Tum
1279 1660 1444 1737 verb
1473 1661 1770 1735 studium
1799 1664 2220 1760 propagandi

705 1766 902 1843 veti,
948 1781 1150 1858 atque
1173 1763 1262 1835 ad
1286 1759 1623 1857 posteros,
1672 1766 2006 1857 'quatenus
2028 1762 2219 1846 licet,

708 1860 1203 1939 transmittendi
1250 1856 1463 1930 hoca
1508 1858 1710 1930 nobis
1749 1858 2042 1955 postulat
2068 1909 2088 1942 ,
2146 1878 2225 1931 ut

709 1960 1080 2036 calumnias
1106 1953 1568 2033 confutemus,
1616 1955 2125 2053 Veritate'mque
2146 1959 2221 2029 in

653 2079 660 2084 ’
707 2058 918 2157 quam
940 2053 1446 2151 splendidiffima
1466 2056 1617 2126 luce
1638 2056 2072 2135 collocatam,
2105 2078 2224 2126 ve·-

706 2157 840 2231 luti
854 2154 1096 2228 sacram
1116 2151 1490 2245 lampadem
1508 2149 1706 2221 nobis
1725 2150 1794 2222 in
1812 2153 2062 2224 eodem
2080 2176 2221 2223 mu·

711 2277 877 2327 nere
902 2247 1276 2322 successuris
1313 2248 1591 2321 fideliter
1625 2248 1995 2322 tradamus,
2059 2249 2146 2319 At
2168 2250 2224 2320 fi·

709 2353 847 2443 jam
870 2350 968 2421 ita
997 2347 1072 2419 fit
1096 2345 1409 2418 illustrata
1434 2346 1694 2418 Veritas
1718 2391 1738 2425 ,
1784 2343 2229 2441 omnibusque

711 2444 1299 2521 suis-ornamentis
1330 2491 1351 2521 ,
1397 2442 1649 2535 quibus
1674 2438 1714 2512 a
1738 2442 2106 2517 Mendacio
2130 2440 2230 2516 se-

712 2541 1009 2617 cernitur
1026 2588 1045 2617 ,
1092 2542 1190 2612 ita
1225 2535 1534 2609 insttu&a
1561 2538 1887 2632 prodierit
1911 2586 1932 2618 ,
1977 2547 2050 2611 δι
2084 2559 2237 2613 tam

714 2640 847 2713 late
871 2633 1073 2731 sparsa
1095 2636 1210 2714 fit,
1259 2651 1336 2703 ut
1364 2634 1623 2705 tantum
1649 2634 1849 2717 abfit,
1885 2656 1962 2708 ut
1984 2638 2230 2709 exstin-

713 2736 834 2835 gui
864 2750 1065 2827 queat
1087 2780 1110 2813 ,
1158 2748 1240 2801 ut
1263 2753 1352 2801 ne
1372 2728 1703 2804 obscurari
1722 2733 2010 2828 quidem
2031 2785 2052 2815 ,
2100 2734 2235 2814 nist

718 2830 907 2930 apud
932 2829 1079 2917 ejus
1101 2827 1446 2910 inimicos,
1493 2829 1732 2923 poffit.;
1782 2830 1951 2908 nihil
1981 2830 2077 2903 est
2102 2855 2237 2905 cur

719 2948 1077 3028 propterea
1099 2945 1375 3021 tempus
1399 2944 1623 2997 terant
1633 2926 1960 3000 Veritatis.
1972 2928 2249 3005 studio-⁷

721 3028 814 3111 fis,
857 3031 931 3103 in
951 3020 1368 3120 discutienda
1390 3021 2239 3118 tenebticosommjibenoe
2304 3059 2305 3064 ¹

857 3161 862 3162 ⁷
1009 3181 1020 3192 -
2092 3143 2239 3200 rum
