2447 3651
732 181 766 236 ε
785 167 870 233 16
1153 164 1209 236 E
1254 187 1293 237 Ρ
1338 184 1365 233 1
1415 186 1450 237 s
1494 187 1544 237 τ
1590 189 1638 238 o
1683 187 1727 235 ι
1771 186 1837 237 ι
1965 234 1970 239 .

723 258 915 328 tribus
952 256 1233 342 debetur,
1285 267 1687 334 reverentiam
1710 283 2009 346 excutere,
2057 260 2249 364 de'que

721 376 920 429 eorum
920 350 1158 450 firaeptis
1161 359 1399 452 sinistre
1439 360 1520 439 &¹
1553 361 1787 441 duriori
1819 359 2249 455 censurdjudi-

721 475 876 537 care.
972 453 1464 550 Respicat-Vir
1513 454 1835 531 Eruditus
1869 457 1966 537 ad=
2008 461 2244 534 locum

721 546 894 619 Vitae
920 550 1230 622 Clemoeztis
1262 599 1283 632 ‚
1328 552 1444 648 qui
1473 551 1678 631 exstat
1706 555 1782 626 T.
1800 559 1880 626 X.
1905 556 2066 626 Bibl.
2088 561 2245 627 Uni-

722 640 1005 735 versalis,
1053 670 1115 741 p.
1144 675 1296 742 223.
1326 649 1447 720 ubi
1488 648 1845 744 postquam
1886 651 2025 724 dixi
2054 675 2242 726 non-

710 744 947 817 nullos
971 749 1189 821 Patres
1208 793 1230 824 ‚
1280 745 1976 842 quiOrthodoxotum
1999 771 2240 823 nume-

720 859 801 907 ro
827 837 1174 913 censentur
1199 891 1223 925 ‚
1283 859 1555 937 propter
1598 844 1797 919 miras
1833 844 2235 941 opiniones,

715 933 998 1009 minime
1019 933 1605 1020 fuiffedamnatos,
1652 941 1750 1012 ita
1765 964 2010 1038 pergo:
2055 943 2230 1036 Ejm

712 1037 806 1100 rei
834 1041 1025 1103 varia
1052 1037 1323 1129 exempla
1361 1043 1635 1109 invenire
1671 1038 1864 1108 licebit
1912 1043 2059 1135 Cap.
2095 1046 2139 1111 I
2149 1042 2233 1112 V.

709 1127 925 1200 Partis
946 1132 999 1200 I.
1047 1132 1283 1204 Dallaei
1308 1133 1397 1205 de
1422 1131 1564 1205 Usu
1594 1134 1868 1207 Patrum
1893 1163 1913 1217 3
1963 1144 2071 1236 qui
2097 1141 2230 1207 Li-

707 1226 812 1294 ber
823 1274 845 1306 ,
892 1233 1108 1305 invitis
1130 1232 1547 1327 Antiquitatis
1565 1233 1960 1326 Encomiastis
1975 1281 1995 1313 ‚
1988 1229 2225 1330 semper

704 1321 786 1396 ab
816 1328 893 1391 iis
916 1321 1134 1419 quibus
1157 1348 1300 1397 nota
1328 1328 1406 1421 est
1435 1375 1459 1409 ‚
1520 1335 1806 1423 egregium
1833 1336 1997 1427 Opus
2030 1331 2223 1403 habe-

700 1417 880 1491 bitur.
945 1424 1103 1494 Haec
1148 1418 1300 1495 sunt
1326 1423 1524 1497 verba
1546 1474 1569 1508 ‚
1626 1449 1921 1521 quorum
1964 1425 2224 1504 sensum

698 1513 1014 1589 indicasse
1042 1516 1434 1593 existimavit
1470 1525 1711 1594 Caveus
1748 1521 2026 1618 perinde
2083 1524 2221 1600 effe

695 1633 785 1703 ac*
805 1635 916 1685 me
947 1636 1132 1687 reum
1166 1607 1385 1690 fecisse
1410 1620 1581 1691 tanti
1606 1615 1895 1702 sceleris,
1942 1621 2213 1718 utapud

693 1709 1142 1805 Antiquitatis
1194 1714 1633 1789 admiratores
1703 1719 1884 1790 nullo
1933 1717 2204 1814 piaculo

693 1825 905 1904 queat
963 1809 1230 1905 expiari.
1328 1814 1536 1885 Nunc
1594 1812 1755 1887 verb
1819 1814 2212 1906 videntum,

744 1904 860 1975 uid
902 1909 1099 2000 poffit
1124 1910 1196 1980 in
1221 1908 1345 1981 iuis
1378 1910 1602 1982 verbis
1629 1912 1832 2005 carpi.
1904 1912 2211 1986 Primam

688 1928 800 2169 ἓξ·
828 2005 1052 2074 Danai
1092 2006 1323 2101 Opere
1375 2027 1574 2104 agam
1604 2056 1656 2096 ,2
1702 2008 1948 2082 deinde
1995 2010 2085 2085 de
2128 2034 2209 2084 re
2247 2013 2252 2018 ’

683 2113 743 2170 1'
782 2119 844 2169 a.

710 2121 1052 2283 {Netum
1096 2196 1342 2272 iterum
1380 2199 1568 2284 dico,
1614 2202 1732 2300 qui
1762 2202 1844 2275 id·
1867 2205 2069 2301 Opus
2094 2223 2206 2277 at-

682 2290 874 2363 tente
899 2292 1128 2388 legerit
1162 2344 1184 2386 ‚
1210 2296 1643 2393 ..noveritque
1673 2301 1951 2395 penitus
1991 2304 2204 2376 Anti-

678 2383 1011 2486 q‘uitatem
1048 2391 1561 2480 Ecclesiasticam
1586 2445 1605 2475 ‚
1664 2406 1730 2468 &
1774 2395 2029 2472 sciverit
2058 2395 2200 2495 quai

677 2484 943 2567 ratione
966 2488 1312 2576 Pontificii
1332 2511 1412 2562 ea
1422 2493 1610 2567 abuti
1638 2492 1917 2578 soleant,
1932 2517 2075 2567 non
2099 2494 2197 2570 fa·

679 2578 940 2653 tebitur
953 2607 1219 2660 mecum
1234 2588 1431 2684 Opus
1449 2586 1571 2662 effe
1591 2591 1951 2688 egregium.
2002 2590 2193 2668 Ctun

672 2676 858 2764 enim
890 2679 1222 2770 pontificii
1253 2705 1504 2783 negent
1536 2686 1736 2763 solam
1755 2690 2188 2785 Scripturam

570 2846 578 2853 ,
666 2796 977 2860 normam
1019 2779 1149 2872 effe
1178 2779 1340 2853 fidei
1388 2782 1664 2867 nostrae,
1721 2784 2192 2860 contendant-

663 2895 804 2967 que
829 2870 1041 2948 nimifi
1063 2875 1465 2954 obscuritate
1491 2883 1790 2955 laborare
1807 2930 1829 2963 ‚
1874 2884 2087 2979 quam
2103 2903 2190 2957 ut

658 2966 940 3068 intelligi
958 2976 1194 3071 poffit,
1226 2976 1544 3085 .,1.¹{s¹.⁶”m
1580 3001 1658 3056 ea
1686 2976 2042 3062 confensus
2060 2981 2187 3053 Pa·

2003 3097 2187 3155 trum
